3400 5467
807 673 1029 731 -16-

474 844 549 909 Met.
566 843 622 910 IV.
640 851 679 909 75
704 842 874 928 Neptunus
897 844 996 929 longo
1019 845 1155 910 tridente
1177 866 1289 929 aspere
1309 868 1385 910 saxa
1407 846 1482 911 ferit

705 976 737 1035 et
759 970 864 1035 medio
887 992 904 1033 e
927 992 1004 1035 saxo
1029 970 1119 1035 exilit
1139 970 1234 1035 ferus.

476 1110 551 1175 Met.
568 1110 623 1176 VI.
641 1118 681 1176 80
705 1110 812 1177 Pallas
837 1113 966 1197 cuspide
989 1134 1046 1177 sue
1061 1117 1177 1177 terram
1193 1114 1348 1196 percussit
1364 1118 1395 1178 et
1411 1136 1481 1179 cum

709 1238 793 1301 bacis
816 1236 991 1302 fetus'edit
1014 1239 1154 1303 canentis
1179 1238 1289 1303 olivae.

475 1377 549 1441 Met.
567 1377 652 1441 XIV.
671 1386 710 1441 48
735 1384 830 1461 poeta
854 1381 891 1443 de
916 1379 1005 1443 Circe
1029 1380 1117 1444 dicit:

626 1572 703 1587 ....
727 1521 903 1606 ingreditur
926 1523 1084 1587 ferventes
1108 1522 1246 1588 aestibus
1266 1524 1374 1602 undas,

625 1646 658 1709 in
682 1645 795 1728 quibus
819 1650 857 1709 ut
879 1645 974 1710 solita
996 1646 1087 1729 ponit
1109 1647 1244 1731 vestigia
1267 1653 1352 1712 terre

627 1790 811 1853 summaque
827 1771 965 1834 decurrit
979 1770 1112 1854 pedibus
1126 1793 1221 1855 super
1235 1793 1373 1854 aequora
1385 1772 1481 1836 siccis.

449 1910 521 1976 Huc
548 1912 708 1995 pertinent
736 1913 832 1977 etiam
858 1913 932 1979 Met.
948 1912 1036 1979 VIII.
1055 1919 1224 1993 679-81,
1254 1913 1309 1978 ubi
1336 1913 1483 1998 Juppiter

362 2041 393 2101 et
403 2036 577 2101 Mercurius
592 2036 722 2115 faciunt,
737 2042 775 2101 ut
791 2038 1026 2113 cratertotiens
1043 2039 1174 2104 haustus
1189 2040 1313 2121 repleat
1328 2044 1360 2103 et
1374 2042 1483 2104 vinum

360 2165 561 2225 succreserat.
585 2167 617 2226 et
632 2162 706 2227 Met.
723 2161 776 2225 XI.
796 2170 900 2227 306-
908 2170 937 2246 8,
960 2185 1024 2247 qno
1040 2164 1214 2228 Mercurius
1229 2164 1320 2249 virga
1338 2186 1483 2247 soporem

360 2291 507 2350 movente
528 2285 665 2351 Chiones
689 2309 724 2351 os
748 2288 853 2371 tangit
876 2292 908 2351 et
930 2309 1041 2351 somno
1066 2289 1170 2372 sopita
1193 2288 1244 2352 dei
1266 2290 1331 2352 vim
1355 2290 1482 2371 patitur.

360 2408 448 2475 Idem
471 2411 547 2476 Met.
561 2410 586 2475 Ι.
604 2418 680 2477 715;

627 2605 634 2619 .
659 2609 665 2620 .
690 2606 695 2618 .
721 2608 727 2621 .
751 2556 857 2620 firmat
880 2578 1026 2639 soporem

627 2682 777 2765 languida
800 2682 999 2765 permulcens
1023 2683 1178 2747 medicata
1200 2684 1324 2747 lumina
1346 2682 1444 2767 virga.

362 2829 392 2888 et
417 2823 491 2887 Met.
506 2823 575 2888 XV.
593 2830 666 2901 843,
686 2846 748 2907 quo
765 2823 874 2889 Venus
890 2798 992 2889 media
1008 2826 1080 2889 sede
1095 2830 1221 2890 senatus
1237 2826 1270 2889 in
1285 2826 1363 2889 urbe
1379 2826 1482 2889 Roma

363 2948 507 3012 constitit
529 2949 610 3012 nulli
634 2950 794 3013 cernenda.

291 3122 344 3193 §8
452 3110 470 3192 ξ
496 3116 523 3172 8.
569 3109 624 3173 Dii
648 3110 839 3174 divinatione
863 3110 998 3193 praediti
1021 3114 1103 3174 sunt.

362 3250 495 3315 Proteus
512 3251 585 3315 Met.
602 3250 656 3317 XI.
674 3258 737 3315 250
757 3251 852 3315 Peleo
877 3252 1137 3349 dicit-quomodo
1154 3252 1247 3315 Theti
1263 3251 1359 3335 potiri
1374 3252 1483 3335 possit.

510 3394 544 3457 F.
560 3400 583 3457 I.
601 3400 753 3458 377-78
779 3395 934 3472 Aristaee,
958 3395 1116 3478 quomodo
1140 3415 1214 3476 apes
1237 3394 1454 3458 nansciscatur

512 3538 586 3602 Met.
602 3538 656 3603 XI.
675 3543 736 3603 221
749 3561 817 3622 sqq.
842 3538 949 3602 Theti:

683 3713 689 3726 .
714 3709 721 3723 .
747 3714 753 3725 .
778 3713 783 3726 .
809 3666 910 3725 mater
933 3662 994 3726 eris
1017 3662 1149 3745 iuvenis,
1175 3661 1229 3745 qui
1244 3660 1382 3724 fortibus
1407 3660 1484 3723 actis

683 3790 753 3850 acts
776 3787 875 3869 patris
899 3786 1012 3865 vincet,
1035 3787 1199 3869 maiorque
1224 3785 1388 3849 vocabitur
1410 3784 1475 3847 illo.

364 3928 474 3993 Thetis
497 3928 572 3993 Met.
587 3925 674 3991 XIII.
693 3894 921 4011 162praescie
944 3932 992 3991 est
1014 3928 1141 3992 venturi
1164 3928 1220 3992 leti
1243 3927 1380 3991 Achillis

365 4072 483 4156 Apollo
497 4050 581 4135 Met.
597 4070 621 4134 I.
639 4076 783 4135 517-8:
892 4094 947 4153 per
970 4093 1021 4135 me
1044 4072 1129 4154 quod
1154 4070 1275 4153 eritque
1299 4069 1422 4152 fuitque

809 4200 920 4279 estque
943 4200 999 4280 pet
1018 4199 1039 4261 t.

509 4339 584 4403 Met.
600 4338 638 4402 X.
656 4346 800 4403 206-7:
823 4344 949 4421 tempus
973 4343 1005 4402 et
1027 4338 1107 4402 illud
1131 4338 1200 4421 erit,
1224 4358 1286 4421 quo
1303 4359 1336 4401 se
1351 4336 1486 4401 fortissi-

823 4487 894 4528 mus
917 4464 1010 4529 heros
1438 4431 1441 4436 ι

825 4591 921 4654 addat
935 4591 968 4653 in
984 4589 1068 4654 hunc
1084 4590 1194 4655 florem
1210 4590 1353 4673 folioque
1362 4587 1489 4671 legatur

826 4718 944 4781 eodem.
