3400 5467
703 439 834 527 ‘29
881 470 925 479 -

252 631 311 693 pro
341 610 443 675 nihilo
472 614 527 675 est.
574 609 677 688 Quam
705 610 844 695 graviter
872 610 1018 695 queritur
1039 592 1124 676 June
1153 633 1226 676 eum
1248 610 1376 677 Oceano

254 737 286 797 et
301 733 396 799 Theti
412 734 451 799 de
467 732 618 800 Callistus
634 734 716 800 fato!
740 736 814 801 Met.
831 734 873 801 ΙΙ.
891 742 970 815 512;
993 740 1061 800 tum
1077 735 1135 802 illa
1150 736 1376 821 desperationis

251 860 347 943 plena
371 866 448 925 520:

362 984 390 1049 Ο
415 1004 474 1069 ego
499 988 654 1068 quantum
677 985 741 1071 egi!
764 1008 862 1071 quam
884 992 975 1051 vasta
996 987 1140 1071 potentia
1162 990 1271 1051 nostra
1293 988 1354 1049 est!

359 1108 438 1173 Esse
462 1108 622 1173 hominem
645 1110 741 1189 vetui,
763 1110 848 1175 facta
872 1116 921 1175 est
944 1111 1015 1175 dea!
1038 1111 1091 1175 hic
1114 1131 1174 1196 ego
1198 1131 1316 1193 poenas

359 1234 504 1299 sontibus
527 1236 666 1318 impono,
690 1236 735 1299 sic
759 1240 807 1301 est
829 1257 901 1301 mea
923 1257 1040 1320 magna
1060 1239 1215 1320 potestas!

341 1358 491 1443 Juppiter
518 1361 687 1425 concilium
715 1360 900 1426 caelestium
927 1334 1062 1427 advocat
1089 1361 1165 1426 Met.
1186 1361 1210 1426 Ι.
1232 1366 1294 1426 167
1307 1383 1374 1445 sqq.

254 1485 308 1549 sed
330 1484 487 1549 neminem
515 1484 640 1569 quaerit
667 1486 744 1569 quid
771 1487 895 1551 sentiat„
942 1486 1032 1551 Unus
1060 1507 1166 1551 secum
1186 1485 1317 1549 uolutat
1344 1491 1376 1549 et

253 1610 339 1674 eolus
361 1630 481 1694 poenas
503 1610 676 1675 sceleribus
699 1610 865 1677 hominum
888 1610 1062 1675 constituit.

360 1734 497 1820 Jamque
520 1736 644 1799 eratin
666 1739 752 1800 totas
775 1756 942 1818 sparsurus
965 1734 1101 1799 fulmina
1123 1738 1223 1798 terras

359 1860 413 1924 sed
437 1860 552 1937 timuit,
576 1882 616 1924 ne
639 1859 722 1925 forte
745 1881 834 1925 sacer
856 1865 907 1924 tot
929 1860 969 1925 ab
993 1859 1122 1945 ignibus
1145 1860 1255 1924 aether

362 1984 540 2070 conciperet
560 1984 713 2068 flammas,
735 1985 915 2070 longusque
938 1986 1120 2050 ardesceret
1138 1985 1215 2049 axis.

341 2109 464 2174 Deinde
487 2111 585 2176 talem
607 2132 742 2195 poenam
771 2112 867 2175 etiam
890 2110 1124 2176 immortalibus
1147 2132 1261 2175 nocere
1283 2132 1375 2195 posse

253 2234 464 2301 reminiscens.

359 2360 438 2426 Tela
460 2366 658 2445 reponuntur
679 2362 826 2426 manibus
849 2362 1007 2425 fabricata
1029 2360 1210 2445 Cyclopum.

361 2485 469 2550 Poena
491 2486 597 2570 placet
620 2487 750 2565 diversa,
774 2507 875 2571 genus
898 2456 1032 2551 mentale
1054 2486 1114 2550 sub
1137 2486 1230 2550 undis

360 2611 488 2693 perdere
512 2616 544 2675 et
567 2634 606 2675 ex
628 2611 715 2674 omni
737 2611 862 2675 nimbos
886 2611 1050 2675 demittere
1073 2611 1170 2675 caelo.

344 2734 404 2800 Dei
426 2736 507 2801 illud
530 2737 744 2801 assentiuntur
766 2740 799 2802 et
822 2759 886 2821 quo
910 2737 1042 2802 consilio
1059 2742 1152 2820 capto
1168 2736 1255 2801 venti
1270 2735 1377 2801 statim

255 2861 375 2926 auxilio
400 2866 577 2926 accurrunt.
624 2860 698 2944 Ipsa
720 2860 788 2941 iris,
810 2861 948 2926 Junonis
970 2862 1095 2938 nuntia,
1118 2862 1256 2943 concipit
1279 2882 1378 2944 aquas

176 3078 177 3081 Ἴ
255 2986 457 3070 nubibusque
481 2987 633 3051 alimenta
656 2986 757 3051 affert.
803 2986 974 3069 Neptunus
1003 2986 1099 3049 maris
1127 2986 1202 3050 deos
1225 2989 1378 3050 convocat

209 3138 211 3143 ·
254 3134 381 3196 unaque
405 3134 475 3176 eum
498 3112 538 3176 iis
564 3111 773 3194 omnipotenti
801 3132 936 3195 propere
960 3110 1115 3175 subvenit.
1161 3110 1283 3175 Deinde
1305 3132 1377 3175 cum

253 3236 402 3319 Juppiter
424 3238 499 3302 Met.
516 3236 539 3301 l.
557 3242 618 3301 327
632 3258 700 3321 sqq.
723 3240 835 3301 ventos
860 3241 892 3301 et
915 3236 1015 3300 nubes
1031 3235 1213 3319 dispelleret
1229 3238 1261 3299 et
1276 3257 1376 3319 aquae

252 3363 443 3443 recederent,
466 3361 635 3446 Neptunus
658 3363 725 3426 sine
747 3362 823 3426 ullis
837 3361 930 3426 Jovis
953 3360 1058 3425 verbis
1081 3383 1199 3425 numen
1218 3361 1378 3446 intellegit

254 3492 286 3552 et
308 3489 411 3571 posito
440 3488 611 3572 tricuspide
639 3489 704 3552 telo
733 3510 831 3572 aquas
859 3488 968 3571 pelagi
995 3491 1101 3552 rector
1126 3487 1245 3551 mulcet
1274 3491 1306 3552 et
1328 3509 1376 3550 re·

253 3617 362 3695 ceptus
386 3613 478 3678 canit.

351 3738 509 3803 'Flumina
533 3738 709 3816 subsidunt,
732 3739 894 3823 collesque
918 3739 1003 3803 exire
1026 3738 1199 3803 videntum

361 3863 436 3928 Jam
459 3885 545 3927 mare
569 3863 647 3928 litus
669 3863 776 3941 habet,
799 3864 910 3945 plenos
935 3863 1020 3945 capit
1044 3864 1153 3927 alveus
1177 3884 1302 3927 amnes:

361 3988 471 4074 Surgit
492 3989 618 4067 tumne,
641 3992 785 4053 crescunt
808 3988 879 4051 loca
902 3988 1155 4053 decrescentibus
1177 3987 1279 4052 undis.

343 4113 456 4197 Nihilo
467 4114 570 4199 magis
581 4114 625 4178 dii
641 4115 717 4198 quid
733 4114 873 4178 sentiant
882 4118 1078 4197 quaeruntur
1087 4114 1162 4178 Met.
1172 4106 1227 4180 IX.
1238 4121 1369 4199 243sqq

254 4259 326 4302 cum
348 4237 498 4321 Juppiter
520 4239 691 4303 Herculem
719 4240 752 4303 in
780 4240 909 4304 deorum
937 4261 1103 4303 numerum
1132 4239 1230 4304 refert
1251 4238 1377 4305 Junone

254 4362 453 4445 imprudente
476 4370 509 4429 et
531 4364 667 4429 nolente.

343 4488 491 4573 Juppiter
507 4489 603 4554 etiam
620 4491 749 4554 deorum
765 4491 860 4556 iudex
876 4496 935 4569 est3
952 4491 992 4555 ad
1006 4512 1076 4554 eum
1088 4466 1238 4555 caelestes
1247 4491 1377 4557 veniunt
