3400 5467
839 656 1061 715 ..20-

390 830 510 915 Apollo
532 829 689 915 flagrabat
712 833 807 912 atque
830 827 971 906 ardebat,
987 827 1119 892 Peleum
1141 831 1266 912 patrem
1289 831 1367 906 orat,
1390 830 1427 891 ut
1441 848 1510 891 mu-

390 957 488 1021 tando
511 955 624 1039 perdat
647 955 789 1039 figuram.
820 953 883 1017 Hic
899 952 966 1017 eius
980 953 1125 1037 precibus
1142 952 1329 1036 obsequitur
1344 957 1375 1017 et
1389 950 1511 1036 Apollo

390 1095 499 1145 amans
515 1082 604 1145 iuxta
620 1083 683 1143 stat
698 1080 856 1162 impotens
871 1081 1092 1162 spectatorque
1108 1081 1156 1142 est
1170 1078 1366 1161 quaratione
1375 1076 1511 1160 Daphne

391 1205 568 1271 carrissime
595 1205 628 1269 in
655 1203 796 1268 lauream
823 1202 945 1268 transit.
991 1201 1079 1267 ldem
1102 1201 1177 1267 Met.
1193 1200 1249 1267 XI.
1265 1208 1328 1267 321
1359 1202 1511 1285 impedire

390 1350 455 1393 non
488 1334 606 1414 potest,
646 1328 815 1413 quominus
846 1326 980 1405 Chione,
1017 1348 1098 1410 quae
1130 1348 1164 1391 se
1200 1326 1359 1411 praeferre
1390 1326 1512 1391 Dianae

390 1455 574 1533 sustinebat,
597 1476 617 1519 a
632 1453 691 1518 dea
705 1454 927 1531 interficiatur3
951 1458 983 1517 et
997 1428 1082 1518 idem
1094 1452 1210 1537 Apollo
1225 1451 1512 1537 Met.ll.615sqq.‚

391 1602 574 1664 quanquam
596 1580 671 1644 deus
695 1579 772 1643 artis
795 1578 969 1643 medicinae
996 1583 1058 1658 eat,
1085 1583 1192 1643 tamen
1215 1577 1372 1643 Coronam
1399 1578 1441 1642 ab
1464 1577 1511 1641 in·

389 1704 487 1770 teritu
510 1705 668 1769 retrahere
692 1724 755 1767 non
777 1708 893 1788 potest.

480 1829 517 1895 ln
541 1832 559 1915 ς
577 1836 605 1895 8.
630 1831 705 1895 deos
728 1829 828 1894 futuri
842 1829 1002 1912 praescios
1018 1850 1085 1893 ease
1100 1830 1252 1914 scriptum
1267 1830 1411 1914 legimus.
1443 1829 1514 1893 Hoc

391 1955 618 2020 moderandum
641 1958 702 2033 est,
728 1954 814 2038 quod
836 1975 899 2018 non
922 1954 1027 2018 solum
1050 1954 1176 2037 saepius
1199 1976 1264 2020 non
1288 1954 1435 2039 congruit
1457 1953 1512 2018 sed

392 2085 503 2145 contra
526 2081 656 2144 deorum
679 2100 767 2143 mens
790 2079 950 2143 rarissime
972 2100 1078 2143 rerum
1100 2079 1281 2145 futurarum
1308 2080 1442 2163 provida
1465 2083 1513 2143 est

392 2209 423 2269 et
447 2204 506 2284 dei,
529 2226 609 2289 quae
632 2208 783 2269 eventura
806 2204 879 2281 sint,
902 2203 1088 2287 plerumque
1110 2205 1263 2270 nesciunt.

392 2329 486 2408 Juno,
509 2352 659 2413 superum
687 2330 798 2414 regina
819 2328 920 2394 futuri
942 2329 1057 2414 ignara
1079 2334 1135 2396 eat.
1181 2329 1273 2406 Quod
1296 2330 1513 2415 cognoscimus

509 2477 547 2519 ex
580 2454 655 2519 Met.
671 2453 725 2520 IV.
743 2459 933 2532 dle-542,
965 2475 1029 2537 quo
1062 2453 1147 2521 June
1181 2454 1290 2519 Cadmi
1320 2454 1514 2539 progeniem,

511 2576 642 2642 Inonem
665 2583 697 2642 et
719 2577 892 2641 Athamam
920 2579 1127 2661 persequitur.
1173 2578 1234 2643 Sed
1258 2599 1360 2662 neque
1382 2578 1513 2644 Inonem

510 2690 612 2786 neque
636 2702 702 2766 eius
725 2701 808 2765 filios
831 2702 1006 2785 premisset‚
1029 2703 1056 2766 si
1079 2723 1133 2767 eos
1155 2702 1332 2768 iudeorum
1348 2725 1514 2768 numerum

510 2826 618 2891 referri
641 2827 836 2909 praescisset.

386 2998 388 3001 -
511 2951 586 3016 Met.
603 2950 626 3015 I.
645 2957 706 3015 605
719 2974 786 3035 sqq.
823 2952 955 3016 nebulas
992 2954 1050 3017 sub
1083 2954 1183 3019 nitido
1216 2955 1266 3019 die
1294 2954 1516 3020 animadvertit

720 3081 752 3140 et
784 3097 855 3140 cum
888 3076 1154 3162 circumspiceret,
1187 3079 1242 3144 ubi
1270 3080 1407 3144 coniunx
1434 3085 1517 3145 essct

719 3223 821 3286 neque
845 3224 917 3265 eum
940 3203 1074 3284 videret,
1102 3205 1141 3268 ab
1166 3206 1293 3269 aethere
1316 3227 1439 3269 summo
1463 3206 1515 3269 de-

720 3327 810 3409 lapsa
842 3328 986 3393 constit't
1017 3328 1051 3392 iu
1082 3328 1176 3393 terris
1204 3330 1398 3414 nebulasque
1425 3330 1517 3393 iussit

719 3453 872 3518 recedere.
918 3451 1013 3517 Nunc
1037 3455 1162 3518 demum
1186 3455 1335 3520 maritum
1358 3455 1451 3520 videt.

512 3576 586 3641 Met.
601 3575 641 3643 Il.
660 3584 801 3661 476sqq.
841 3576 1046 3642 Callistonem
1088 3579 1122 3645 in
1146 3601 1274 3643 -urvam
1311 3580 1529 3645 nansformar

733 3702 875 3765 nesciens
890 3702 1050 3766 inimicam
1067 3704 1236 3786 aliquando
1258 3726 1330 3769 oum
1344 3704 1412 3769 filio
1428 3705 1515 3769 caelo

733 3848 864 3909 rmponr.

513 3950 546 4017 F.
563 3949 618 4018 ΙΙΙ.
637 3956 699 4016 769
725 3951 885 4016 Bacchum
907 3953 1030 4036 quaerit
1054 3960 1087 4019 et
1101 3953 1257 4039 Nysiadas
1272 3957 1428 4040 nymphas
1445 3978 1517 4020 eum

725 4077 842 4141 hedera
865 4078 1049 4144 instravisse
1071 4081 1205 4165 ignorat.

513 4200 593 4265 Vide
619 4202 714 4266 etiam
736 4202 812 4268 Met.
827 4202 867 4269 ΙΙ.
886 4211 1028 4289 508sqq.
1052 4206 1133 4270 iram
1155 4206 1291 4272 lunonis
1314 4207 1518 4285 imbecillam,

515 4348 586 4390 cum
609 4327 693 4391 inter
717 4327 820 4393 sidera
841 4330 975 4413 pelicem
999 4331 1262 4397 animadverteret
1277 4338 1309 4398 et
1324 4334 1421 4399 verba
1436 4356 1517 4417 quae

515 4452 598 4534 apud
623 4450 749 4517 Thetim
774 4458 805 4518 et
829 4452 990 4519 Oceanum
1014 4456 1098 4521 dicit.

398 4574 454 4641 Sol
477 4576 551 4642 Met.
567 4575 606 4641 ΙΙ.
624 4584 754 4643 42-46
775 4579 944 4662 pollicetur
966 4603 999 4645 se
1015 4581 1186 4648 Phaetonti
1209 4585 1314 4650 omnia
1334 4608 1415 4670 quae
1430 4591 1519 4671 optet

776 4704 937 4781 daturum3
960 4705 1009 4769 sin
1033 4711 1138 4771 autem
1161 4708 1220 4771 filii
1243 4709 1293 4773 sui
1311 4708 1411 4774 fatum
1427 4733 1518 4793 prae·
