<?xml version="1.0" encoding="UTF-8"?>
<!DOCTYPE html PUBLIC "-//W3C//DTD XHTML 1.0 Transitional//EN"
    "http://www.w3.org/TR/xhtml1/DTD/xhtml1-transitional.dtd">
<html xmlns="http://www.w3.org/1999/xhtml" xml:lang="en" lang="en">
 <head>
  <title>
</title>
<meta http-equiv="Content-Type" content="text/html;charset=utf-8" />
  <meta name='ocr-system' content='tesseract 3.04.00' />
  <meta name='ocr-capabilities' content='ocr_page ocr_carea ocr_par ocr_line ocrx_word'/>
</head>
<body>
  <div class='ocr_page' id='page_1' title='image "./dediisfatojoveq01fabrgoog_0014.png"; bbox 0 0 3400 5467; ppageno 0'>
   <div class='ocr_carea' id='block_1_1' title="bbox 812 654 1033 714">
    <p class='ocr_par' dir='ltr' id='par_1_1' title="bbox 812 654 1033 714">
     <span class='ocr_line' id='line_1_1' title="bbox 812 654 1033 714; baseline 0.009 -17"><span class='ocrx_word' id='word_1_1' title='bbox 812 654 1033 714; x_wconf 69' lang='lat'><strong>..10-</strong></span> 
     </span>
    </p>
   </div>
   <div class='ocr_carea' id='block_1_2' title="bbox 315 827 1484 4661">
    <p class='ocr_par' dir='ltr' id='par_1_2' title="bbox 315 827 1484 3410">
     <span class='ocr_line' id='line_1_2' title="bbox 506 827 1356 912; baseline 0 -19"><span class='ocrx_word' id='word_1_2' title='bbox 506 829 581 893; x_wconf 76' lang='lat' dir='ltr'><strong>Met.</strong></span> <span class='ocrx_word' id='word_1_3' title='bbox 596 827 636 892; x_wconf 94' lang='grc' dir='ltr'><strong>ΙΙ.</strong></span> <span class='ocrx_word' id='word_1_4' title='bbox 654 834 797 911; x_wconf 86' lang='lat' dir='ltr'><strong>536sqq.</strong></span> <span class='ocrx_word' id='word_1_5' title='bbox 820 828 908 891; x_wconf 83' lang='lat' dir='ltr'><strong>albos</strong></span> <span class='ocrx_word' id='word_1_6' title='bbox 932 828 1019 892; x_wconf 85' lang='lat' dir='ltr'><strong>corvi</strong></span> <span class='ocrx_word' id='word_1_7' title='bbox 1041 849 1161 912; x_wconf 82' lang='lat' dir='ltr'>pennas</span> <span class='ocrx_word' id='word_1_8' title='bbox 1183 828 1217 892; x_wconf 92' lang='lat' dir='ltr'><strong>in</strong></span> <span class='ocrx_word' id='word_1_9' title='bbox 1239 828 1356 912; x_wconf 77' lang='lat' dir='ltr'><strong>nigras.</strong></span> 
     </span>
     <span class='ocr_line' id='line_1_3' title="bbox 362 951 1483 1037; baseline 0 -20"><span class='ocrx_word' id='word_1_10' title='bbox 362 952 530 1037; x_wconf 86' lang='lat' dir='ltr'>Neptunus</span> <span class='ocrx_word' id='word_1_11' title='bbox 553 953 628 1019; x_wconf 87' lang='lat' dir='ltr'>Met.</span> <span class='ocrx_word' id='word_1_12' title='bbox 644 951 715 1017; x_wconf 88' lang='lat' dir='ltr'><strong>XII.</strong></span> <span class='ocrx_word' id='word_1_13' title='bbox 733 957 795 1018; x_wconf 90' lang='grc'><strong>199</strong></span> <span class='ocrx_word' id='word_1_14' title='bbox 820 951 954 1017; x_wconf 81' lang='lat' dir='ltr'>annem</span> <span class='ocrx_word' id='word_1_15' title='bbox 977 953 1008 1017; x_wconf 92' lang='lat' dir='ltr'><strong>in</strong></span> <span class='ocrx_word' id='word_1_16' title='bbox 1038 953 1141 1017; x_wconf 87' lang='lat' dir='ltr'><strong>virum</strong></span> <span class='ocrx_word' id='word_1_17' title='bbox 1169 975 1325 1037; x_wconf 80' lang='lat' dir='ltr'>superque</span> <span class='ocrx_word' id='word_1_18' title='bbox 1349 954 1416 1033; x_wconf 81' lang='lat' dir='ltr'><strong>dat,</strong></span> <span class='ocrx_word' id='word_1_19' title='bbox 1444 976 1483 1018; x_wconf 88' lang='lat' dir='ltr'><strong>ne</strong></span> 
     </span>
     <span class='ocr_line' id='line_1_4' title="bbox 819 1078 1482 1144; baseline 0 -2"><span class='ocrx_word' id='word_1_20' title='bbox 819 1078 944 1143; x_wconf 86' lang='lat' dir='ltr'><strong>saucius</strong></span> <span class='ocrx_word' id='word_1_21' title='bbox 967 1078 1042 1142; x_wconf 90' lang='lat' dir='ltr'><strong>ullis</strong></span> <span class='ocrx_word' id='word_1_22' title='bbox 1061 1078 1244 1143; x_wconf 84' lang='lat' dir='ltr'>vulneribus</span> <span class='ocrx_word' id='word_1_23' title='bbox 1266 1078 1335 1143; x_wconf 90' lang='lat' dir='ltr'>fieri</span> <span class='ocrx_word' id='word_1_24' title='bbox 1359 1078 1482 1144; x_wconf 84' lang='lat' dir='ltr'>ferrove</span> 
     </span>
     <span class='ocr_line' id='line_1_5' title="bbox 819 1204 1135 1287; baseline 0 -20"><span class='ocrx_word' id='word_1_25' title='bbox 819 1204 1003 1268; x_wconf 81' lang='lat' dir='ltr'>occumbere</span> <span class='ocrx_word' id='word_1_26' title='bbox 1025 1204 1135 1287; x_wconf 84' lang='lat' dir='ltr'><strong>possit.</strong></span> 
     </span>
     <span class='ocr_line' id='line_1_6' title="bbox 360 1326 1205 1411; baseline 0 -18"><span class='ocrx_word' id='word_1_27' title='bbox 360 1328 446 1394; x_wconf 91' lang='lat' dir='ltr'><strong>Juno</strong></span> <span class='ocrx_word' id='word_1_28' title='bbox 470 1329 544 1394; x_wconf 84' lang='lat' dir='ltr'>Met.</span> <span class='ocrx_word' id='word_1_29' title='bbox 560 1327 616 1394; x_wconf 89' lang='lat' dir='ltr'><strong>III.</strong></span> <span class='ocrx_word' id='word_1_30' title='bbox 634 1335 763 1393; x_wconf 71' lang='lat' dir='ltr'>ses—9</span> <span class='ocrx_word' id='word_1_31' title='bbox 789 1328 942 1393; x_wconf 84' lang='lat' dir='ltr'><strong>Tiresiam</strong></span> <span class='ocrx_word' id='word_1_32' title='bbox 966 1327 1067 1392; x_wconf 84' lang='lat' dir='ltr'>oeulis</span> <span class='ocrx_word' id='word_1_33' title='bbox 1090 1326 1205 1411; x_wconf 82' lang='lat' dir='ltr'><strong>privat.</strong></span> 
     </span>
     <span class='ocr_line' id='line_1_7' title="bbox 633 1453 1482 1537; baseline -0.001 -20"><span class='ocrx_word' id='word_1_34' title='bbox 633 1459 695 1519; x_wconf 87' lang='lat'><strong>358</strong></span> <span class='ocrx_word' id='word_1_35' title='bbox 707 1476 774 1537; x_wconf 86' lang='lat' dir='ltr'><strong>sqq.</strong></span> <span class='ocrx_word' id='word_1_36' title='bbox 798 1454 906 1518; x_wconf 83' lang='lat' dir='ltr'><strong>thus</strong></span> <span class='ocrx_word' id='word_1_37' title='bbox 926 1454 1084 1537; x_wconf 83' lang='lat' dir='ltr'>nymphae</span> <span class='ocrx_word' id='word_1_38' title='bbox 1099 1474 1206 1518; x_wconf 85' lang='lat' dir='ltr'>vocem</span> <span class='ocrx_word' id='word_1_39' title='bbox 1223 1454 1256 1517; x_wconf 91' lang='lat' dir='ltr'><strong>in</strong></span> <span class='ocrx_word' id='word_1_40' title='bbox 1273 1453 1482 1518; x_wconf 79' lang='lat' dir='ltr'>resonabilem</span> 
     </span>
     <span class='ocr_line' id='line_1_8' title="bbox 315 1578 911 1649; baseline -0.01 0"><span class='ocrx_word' id='word_1_41' title='bbox 315 1642 317 1649; x_wconf 93' lang='lat'><strong>.</strong></span> <span class='ocrx_word' id='word_1_42' title='bbox 707 1580 783 1643; x_wconf 83' lang='lat' dir='ltr'>echo</span> <span class='ocrx_word' id='word_1_43' title='bbox 809 1578 911 1643; x_wconf 87' lang='lat' dir='ltr'><strong>vertit.</strong></span> 
     </span>
     <span class='ocr_line' id='line_1_9' title="bbox 360 1703 1484 1788; baseline 0.001 -22"><span class='ocrx_word' id='word_1_44' title='bbox 360 1703 485 1767; x_wconf 86' lang='lat' dir='ltr'><strong>Aurora</strong></span> <span class='ocrx_word' id='word_1_45' title='bbox 509 1703 583 1769; x_wconf 85' lang='lat' dir='ltr'>Met.</span> <span class='ocrx_word' id='word_1_46' title='bbox 600 1703 670 1769; x_wconf 89' lang='lat' dir='ltr'><strong>VII.</strong></span> <span class='ocrx_word' id='word_1_47' title='bbox 689 1710 748 1767; x_wconf 84' lang='lat'><strong>721</strong></span> <span class='ocrx_word' id='word_1_48' title='bbox 762 1726 831 1788; x_wconf 87' lang='lat' dir='ltr'><strong>sqq.</strong></span> <span class='ocrx_word' id='word_1_49' title='bbox 865 1703 1040 1787; x_wconf 80' lang='lat' dir='ltr'>Cephalum</span> <span class='ocrx_word' id='word_1_50' title='bbox 1073 1704 1169 1768; x_wconf 78' lang='lat' dir='ltr'>talem</span> <span class='ocrx_word' id='word_1_51' title='bbox 1201 1703 1317 1768; x_wconf 81' lang='lat' dir='ltr'>faeiem</span> <span class='ocrx_word' id='word_1_52' title='bbox 1349 1703 1416 1775; x_wconf 82' lang='lat' dir='ltr'><strong>dat,</strong></span> <span class='ocrx_word' id='word_1_53' title='bbox 1448 1709 1484 1768; x_wconf 88' lang='lat' dir='ltr'><strong>ut</strong></span> 
     </span>
     <span class='ocr_line' id='line_1_10' title="bbox 763 1829 1257 1913; baseline 0.002 -20"><span class='ocrx_word' id='word_1_54' title='bbox 763 1829 891 1894; x_wconf 90' lang='lat' dir='ltr'><strong>Procris</strong></span> <span class='ocrx_word' id='word_1_55' title='bbox 915 1850 986 1893; x_wconf 90' lang='lat' dir='ltr'><strong>eum</strong></span> <span class='ocrx_word' id='word_1_56' title='bbox 1009 1850 1073 1893; x_wconf 90' lang='lat' dir='ltr'><strong>non</strong></span> <span class='ocrx_word' id='word_1_57' title='bbox 1097 1833 1257 1913; x_wconf 78' lang='lat' dir='ltr'><strong>agnoscat.</strong></span> 
     </span>
     <span class='ocr_line' id='line_1_11' title="bbox 359 1953 1258 2020; baseline 0.002 -2"><span class='ocrx_word' id='word_1_58' title='bbox 359 1954 452 2018; x_wconf 86' lang='lat' dir='ltr'>Hebe</span> <span class='ocrx_word' id='word_1_59' title='bbox 475 1954 550 2019; x_wconf 86' lang='lat' dir='ltr'>Met.</span> <span class='ocrx_word' id='word_1_60' title='bbox 566 1954 620 2019; x_wconf 79' lang='lat' dir='ltr'><strong>IX.</strong></span> <span class='ocrx_word' id='word_1_61' title='bbox 638 1960 702 2019; x_wconf 88' lang='grc'><strong>400</strong></span> <span class='ocrx_word' id='word_1_62' title='bbox 725 1953 814 2018; x_wconf 81' lang='lat' dir='ltr'><strong>Iolao</strong></span> <span class='ocrx_word' id='word_1_63' title='bbox 837 1955 905 2019; x_wconf 88' lang='lat' dir='ltr'>seni</span> <span class='ocrx_word' id='word_1_64' title='bbox 927 1954 1125 2020; x_wconf 84' lang='lat' dir='ltr'>iuventutem</span> <span class='ocrx_word' id='word_1_65' title='bbox 1148 1954 1258 2020; x_wconf 80' lang='lat' dir='ltr'><strong>reddit.</strong></span> 
     </span>
     <span class='ocr_line' id='line_1_12' title="bbox 359 2077 1481 2163; baseline 0.001 -20"><span class='ocrx_word' id='word_1_66' title='bbox 359 2078 448 2143; x_wconf 78' lang='lat' dir='ltr'>Circe</span> <span class='ocrx_word' id='word_1_67' title='bbox 465 2079 539 2143; x_wconf 85' lang='lat' dir='ltr'>Met.</span> <span class='ocrx_word' id='word_1_68' title='bbox 550 2077 633 2143; x_wconf 86' lang='lat' dir='ltr'>XIV.</span> <span class='ocrx_word' id='word_1_69' title='bbox 647 2086 762 2163; x_wconf 87' lang='lat' dir='ltr'><strong>55sqq.</strong></span> <span class='ocrx_word' id='word_1_70' title='bbox 778 2077 902 2162; x_wconf 85' lang='lat' dir='ltr'>Scyllae</span> <span class='ocrx_word' id='word_1_71' title='bbox 911 2079 1040 2158; x_wconf 79' lang='lat' dir='ltr'>femore,</span> <span class='ocrx_word' id='word_1_72' title='bbox 1057 2102 1149 2144; x_wconf 80' lang='lat' dir='ltr'><strong>crura</strong></span> <span class='ocrx_word' id='word_1_73' title='bbox 1163 2080 1322 2163; x_wconf 90' lang='lat' dir='ltr'>pedesque</span> <span class='ocrx_word' id='word_1_74' title='bbox 1331 2079 1364 2143; x_wconf 91' lang='lat' dir='ltr'><strong>in</strong></span> <span class='ocrx_word' id='word_1_75' title='bbox 1380 2100 1481 2144; x_wconf 82' lang='lat' dir='ltr'>canes.</span> 
     </span>
     <span class='ocr_line' id='line_1_13' title="bbox 359 2201 1117 2268; baseline -0.001 0"><span class='ocrx_word' id='word_1_76' title='bbox 359 2203 471 2268; x_wconf 81' lang='lat' dir='ltr'>Medea</span> <span class='ocrx_word' id='word_1_77' title='bbox 493 2204 569 2267; x_wconf 84' lang='lat' dir='ltr'><strong>Met.</strong></span> <span class='ocrx_word' id='word_1_78' title='bbox 585 2201 657 2268; x_wconf 87' lang='lat' dir='ltr'><strong>VH.</strong></span> <span class='ocrx_word' id='word_1_79' title='bbox 674 2209 827 2268; x_wconf 76' lang='lat'><strong>285-93</strong></span> <span class='ocrx_word' id='word_1_80' title='bbox 852 2203 971 2267; x_wconf 82' lang='lat' dir='ltr'><strong>Aesoni</strong></span> <span class='ocrx_word' id='word_1_81' title='bbox 996 2204 1063 2267; x_wconf 90' lang='lat' dir='ltr'>seni</span> <span class='ocrx_word' id='word_1_82' title='bbox 1085 2207 1117 2267; x_wconf 85' lang='lat' dir='ltr'>et</span> 
     </span>
     <span class='ocr_line' id='line_1_14' title="bbox 672 2327 1482 2413; baseline 0.001 -22"><span class='ocrx_word' id='word_1_83' title='bbox 672 2335 824 2393; x_wconf 83' lang='lat'>294-96</span> <span class='ocrx_word' id='word_1_84' title='bbox 841 2328 989 2413; x_wconf 87' lang='lat' dir='ltr'>nymphis</span> <span class='ocrx_word' id='word_1_85' title='bbox 1004 2327 1254 2412; x_wconf 80' lang='lat' dir='ltr'>quaeBaoohum</span> <span class='ocrx_word' id='word_1_86' title='bbox 1264 2328 1482 2408; x_wconf 81' lang='lat' dir='ltr'>educaverant,</span> 
     </span>
     <span class='ocr_line' id='line_1_15' title="bbox 839 2431 1315 2517; baseline 0.004 -2"><span class='ocrx_word' id='word_1_87' title='bbox 839 2453 1035 2517; x_wconf 87' lang='lat' dir='ltr'>iuventutem</span> <span class='ocrx_word' id='word_1_88' title='bbox 1058 2452 1168 2517; x_wconf 87' lang='lat' dir='ltr'><strong>reddit.</strong></span> <span class='ocrx_word' id='word_1_89' title='bbox 1312 2431 1315 2435; x_wconf 12' lang='grc' dir='ltr'><em>Δ</em></span> 
     </span>
     <span class='ocr_line' id='line_1_16' title="bbox 673 2577 1266 2661; baseline 0 -20"><span class='ocrx_word' id='word_1_90' title='bbox 673 2582 823 2642; x_wconf 83' lang='grc'><strong>314-21</strong></span> <span class='ocrx_word' id='word_1_91' title='bbox 851 2598 942 2641; x_wconf 87' lang='lat' dir='ltr'>ovem</span> <span class='ocrx_word' id='word_1_92' title='bbox 966 2577 999 2641; x_wconf 90' lang='lat' dir='ltr'><strong>in</strong></span> <span class='ocrx_word' id='word_1_93' title='bbox 1023 2598 1142 2661; x_wconf 84' lang='lat' dir='ltr'>agnum</span> <span class='ocrx_word' id='word_1_94' title='bbox 1165 2578 1266 2642; x_wconf 85' lang='lat' dir='ltr'><strong>vertit.</strong></span> 
     </span>
     <span class='ocr_line' id='line_1_17' title="bbox 359 2702 1480 2787; baseline 0 -20"><span class='ocrx_word' id='word_1_95' title='bbox 359 2702 467 2767; x_wconf 81' lang='lat' dir='ltr'>Palles</span> <span class='ocrx_word' id='word_1_96' title='bbox 491 2703 565 2768; x_wconf 89' lang='lat' dir='ltr'>Met.</span> <span class='ocrx_word' id='word_1_97' title='bbox 581 2702 637 2768; x_wconf 92' lang='lat' dir='ltr'><strong>IV.</strong></span> <span class='ocrx_word' id='word_1_98' title='bbox 656 2708 796 2786; x_wconf 79' lang='lat' dir='ltr'><strong>799sqq.</strong></span> <span class='ocrx_word' id='word_1_99' title='bbox 820 2702 999 2785; x_wconf 79' lang='lat' dir='ltr'><strong>praeclaros</strong></span> <span class='ocrx_word' id='word_1_100' title='bbox 1017 2702 1166 2767; x_wconf 80' lang='lat' dir='ltr'>Medusae</span> <span class='ocrx_word' id='word_1_101' title='bbox 1189 2703 1291 2767; x_wconf 90' lang='lat' dir='ltr'><strong>orines</strong></span> <span class='ocrx_word' id='word_1_102' title='bbox 1314 2702 1346 2767; x_wconf 88' lang='lat' dir='ltr'><strong>in</strong></span> <span class='ocrx_word' id='word_1_103' title='bbox 1362 2703 1480 2787; x_wconf 87' lang='lat' dir='ltr'><strong>hydros</strong></span> 
     </span>
     <span class='ocr_line' id='line_1_18' title="bbox 358 2825 1311 2910; baseline 0.001 -19"><span class='ocrx_word' id='word_1_104' title='bbox 358 2826 418 2891; x_wconf 89' lang='lat' dir='ltr'><strong>Isis</strong></span> <span class='ocrx_word' id='word_1_105' title='bbox 442 2826 517 2893; x_wconf 83' lang='lat' dir='ltr'>Met.</span> <span class='ocrx_word' id='word_1_106' title='bbox 532 2825 586 2891; x_wconf 91' lang='lat' dir='ltr'><strong>IX.</strong></span> <span class='ocrx_word' id='word_1_107' title='bbox 605 2833 755 2892; x_wconf 85' lang='grc'>786-97</span> <span class='ocrx_word' id='word_1_108' title='bbox 780 2825 892 2910; x_wconf 92' lang='lat' dir='ltr'>Iphem</span> <span class='ocrx_word' id='word_1_109' title='bbox 915 2825 948 2890; x_wconf 93' lang='lat' dir='ltr'><strong>in</strong></span> <span class='ocrx_word' id='word_1_110' title='bbox 972 2826 1075 2890; x_wconf 87' lang='lat' dir='ltr'><strong>virum</strong></span> <span class='ocrx_word' id='word_1_111' title='bbox 1097 2827 1311 2892; x_wconf 81' lang='lat' dir='ltr'><strong>transformat.</strong></span> 
     </span>
     <span class='ocr_line' id='line_1_19' title="bbox 358 2950 1481 3036; baseline 0 -20"><span class='ocrx_word' id='word_1_112' title='bbox 358 2951 557 3024; x_wconf 76' lang='lat' dir='ltr'>Immortales</span> <span class='ocrx_word' id='word_1_113' title='bbox 580 2952 656 3017; x_wconf 89' lang='lat' dir='ltr'>Met.</span> <span class='ocrx_word' id='word_1_114' title='bbox 672 2950 728 3017; x_wconf 89' lang='lat' dir='ltr'><strong>III.</strong></span> <span class='ocrx_word' id='word_1_115' title='bbox 746 2958 809 3016; x_wconf 84' lang='lat'><strong>324</strong></span> <span class='ocrx_word' id='word_1_116' title='bbox 835 2951 988 3016; x_wconf 81' lang='lat' dir='ltr'><strong>Tiresiam</strong></span> <span class='ocrx_word' id='word_1_117' title='bbox 1011 2952 1044 3015; x_wconf 90' lang='lat' dir='ltr'><strong>in</strong></span> <span class='ocrx_word' id='word_1_118' title='bbox 1067 2952 1217 3017; x_wconf 79' lang='lat' dir='ltr'>feminam</span> <span class='ocrx_word' id='word_1_119' title='bbox 1239 2955 1377 3032; x_wconf 87' lang='lat' dir='ltr'>vertunt,</span> <span class='ocrx_word' id='word_1_120' title='bbox 1400 2974 1481 3036; x_wconf 85' lang='lat' dir='ltr'>quae</span> 
     </span>
     <span class='ocr_line' id='line_1_20' title="bbox 832 3076 1478 3161; baseline 0 -21"><span class='ocrx_word' id='word_1_121' title='bbox 832 3081 953 3161; x_wconf 82' lang='lat' dir='ltr'>septem</span> <span class='ocrx_word' id='word_1_122' title='bbox 977 3076 1067 3140; x_wconf 81' lang='lat' dir='ltr'><strong>anuis</strong></span> <span class='ocrx_word' id='word_1_123' title='bbox 1089 3081 1164 3159; x_wconf 87' lang='lat' dir='ltr'><strong>post</strong></span> <span class='ocrx_word' id='word_1_124' title='bbox 1183 3077 1350 3160; x_wconf 84' lang='lat' dir='ltr'><strong>pristinam</strong></span> <span class='ocrx_word' id='word_1_125' title='bbox 1366 3076 1478 3141; x_wconf 79' lang='lat' dir='ltr'>faeiem</span> 
     </span>
     <span class='ocr_line' id='line_1_21' title="bbox 833 3202 1041 3286; baseline 0.01 -22"><span class='ocrx_word' id='word_1_126' title='bbox 833 3202 895 3265; x_wconf 87' lang='lat' dir='ltr'><strong>viri</strong></span> <span class='ocrx_word' id='word_1_127' title='bbox 919 3202 1041 3286; x_wconf 85' lang='lat' dir='ltr'><strong>accipit.</strong></span> 
     </span>
     <span class='ocr_line' id='line_1_22' title="bbox 581 3325 1360 3410; baseline -0.001 -20"><span class='ocrx_word' id='word_1_128' title='bbox 581 3327 657 3391; x_wconf 90' lang='lat' dir='ltr'>Met.</span> <span class='ocrx_word' id='word_1_129' title='bbox 673 3325 730 3390; x_wconf 89' lang='lat' dir='ltr'><strong>lV.</strong></span> <span class='ocrx_word' id='word_1_130' title='bbox 749 3332 810 3391; x_wconf 84' lang='lat'><strong>125</strong></span> <span class='ocrx_word' id='word_1_131' title='bbox 823 3348 891 3410; x_wconf 91' lang='lat' dir='ltr'><strong>sqq.</strong></span> <span class='ocrx_word' id='word_1_132' title='bbox 915 3327 1036 3391; x_wconf 80' lang='lat' dir='ltr'>fruetus</span> <span class='ocrx_word' id='word_1_133' title='bbox 1059 3328 1141 3390; x_wconf 89' lang='lat' dir='ltr'><strong>mori</strong></span> <span class='ocrx_word' id='word_1_134' title='bbox 1164 3326 1248 3408; x_wconf 84' lang='lat' dir='ltr'><strong>nigri</strong></span> <span class='ocrx_word' id='word_1_135' title='bbox 1270 3326 1360 3390; x_wconf 77' lang='lat' dir='ltr'><strong>fiunt.</strong></span> 
     </span>
    </p>

    <p class='ocr_par' dir='ltr' id='par_1_3' title="bbox 447 3452 814 3519">
     <span class='ocr_line' id='line_1_23' title="bbox 447 3452 814 3519; baseline 0.005 -4"><span class='ocrx_word' id='word_1_136' title='bbox 447 3452 519 3517; x_wconf 93' lang='lat' dir='ltr'><strong>Huo</strong></span> <span class='ocrx_word' id='word_1_137' title='bbox 543 3452 638 3519; x_wconf 81' lang='lat' dir='ltr'>etiem</span> <span class='ocrx_word' id='word_1_138' title='bbox 660 3452 814 3517; x_wconf 85' lang='lat' dir='ltr'>referunt:</span> 
     </span>
    </p>

    <p class='ocr_par' dir='ltr' id='par_1_4' title="bbox 463 3577 1480 3923">
     <span class='ocr_line' id='line_1_24' title="bbox 463 3577 1480 3662; baseline -0.002 -20"><span class='ocrx_word' id='word_1_139' title='bbox 463 3578 538 3643; x_wconf 89' lang='lat' dir='ltr'><strong>Met.</strong></span> <span class='ocrx_word' id='word_1_140' title='bbox 554 3577 624 3643; x_wconf 89' lang='lat' dir='ltr'><strong>XV.</strong></span> <span class='ocrx_word' id='word_1_141' title='bbox 642 3584 750 3643; x_wconf 63' lang='lat' dir='ltr'><strong>crs-9</strong></span> <span class='ocrx_word' id='word_1_142' title='bbox 775 3600 839 3662; x_wconf 94' lang='lat' dir='ltr'><strong>quo</strong></span> <span class='ocrx_word' id='word_1_143' title='bbox 863 3579 934 3642; x_wconf 86' lang='lat' dir='ltr'><strong>loco</strong></span> <span class='ocrx_word' id='word_1_144' title='bbox 954 3578 1108 3643; x_wconf 89' lang='lat' dir='ltr'>Hercules</span> <span class='ocrx_word' id='word_1_145' title='bbox 1131 3578 1241 3661; x_wconf 83' lang='lat' dir='ltr'><strong>nigros</strong></span> <span class='ocrx_word' id='word_1_146' title='bbox 1265 3577 1401 3660; x_wconf 84' lang='lat' dir='ltr'><strong>lapillos,</strong></span> <span class='ocrx_word' id='word_1_147' title='bbox 1425 3577 1480 3661; x_wconf 92' lang='lat' dir='ltr'><strong>qui</strong></span> 
     </span>
     <span class='ocr_line' id='line_1_25' title="bbox 773 3702 1478 3786; baseline 0.001 -21"><span class='ocrx_word' id='word_1_148' title='bbox 773 3702 941 3766; x_wconf 83' lang='lat' dir='ltr'>Miscelum</span> <span class='ocrx_word' id='word_1_149' title='bbox 980 3702 1130 3766; x_wconf 81' lang='lat' dir='ltr'>damnant</span> <span class='ocrx_word' id='word_1_150' title='bbox 1167 3702 1280 3786; x_wconf 85' lang='lat' dir='ltr'><strong>eapitis</strong></span> <span class='ocrx_word' id='word_1_151' title='bbox 1317 3702 1350 3765; x_wconf 88' lang='lat' dir='ltr'><strong>in</strong></span> <span class='ocrx_word' id='word_1_152' title='bbox 1389 3702 1478 3766; x_wconf 81' lang='lat' dir='ltr'><strong>albos</strong></span> 
     </span>
     <span class='ocr_line' id='line_1_26' title="bbox 774 3826 1351 3923; baseline 0.002 -34"><span class='ocrx_word' id='word_1_153' title='bbox 774 3830 886 3923; x_wconf 82' lang='lat' dir='ltr'><strong>mutat,</strong></span> <span class='ocrx_word' id='word_1_154' title='bbox 910 3826 1025 3909; x_wconf 88' lang='lat' dir='ltr'><strong>quibus</strong></span> <span class='ocrx_word' id='word_1_155' title='bbox 1050 3826 1144 3909; x_wconf 84' lang='lat' dir='ltr'>culpa</span> <span class='ocrx_word' id='word_1_156' title='bbox 1167 3826 1351 3891; x_wconf 78' lang='lat' dir='ltr'><strong>absolvitur.</strong></span> 
     </span>
    </p>

    <p class='ocr_par' dir='ltr' id='par_1_5' title="bbox 463 3949 1479 4392">
     <span class='ocr_line' id='line_1_27' title="bbox 463 3949 1479 4035; baseline -0.001 -20"><span class='ocrx_word' id='word_1_157' title='bbox 463 3951 537 4017; x_wconf 88' lang='lat' dir='ltr'>Met.</span> <span class='ocrx_word' id='word_1_158' title='bbox 553 3949 610 4017; x_wconf 87' lang='lat' dir='ltr'><strong>IV.</strong></span> <span class='ocrx_word' id='word_1_159' title='bbox 628 3957 688 4016; x_wconf 82' lang='lat'><strong>371</strong></span> <span class='ocrx_word' id='word_1_160' title='bbox 702 3973 769 4035; x_wconf 87' lang='lat' dir='ltr'><strong>sqq.</strong></span> <span class='ocrx_word' id='word_1_161' title='bbox 803 3973 867 4035; x_wconf 94' lang='lat' dir='ltr'><strong>quo</strong></span> <span class='ocrx_word' id='word_1_162' title='bbox 902 3950 1096 4015; x_wconf 85' lang='lat' dir='ltr'>immortales</span> <span class='ocrx_word' id='word_1_163' title='bbox 1129 3951 1148 4016; x_wconf 90' lang='lat' dir='ltr'><strong>i.</strong></span> <span class='ocrx_word' id='word_1_164' title='bbox 1181 3973 1207 4016; x_wconf 92' lang='lat' dir='ltr'>e.</span> <span class='ocrx_word' id='word_1_165' title='bbox 1239 3951 1414 4015; x_wconf 87' lang='lat' dir='ltr'>Mercurius</span> <span class='ocrx_word' id='word_1_166' title='bbox 1447 3955 1479 4014; x_wconf 86' lang='lat' dir='ltr'>et</span> 
     </span>
     <span class='ocr_line' id='line_1_28' title="bbox 703 4075 1476 4161; baseline -0.003 -21"><span class='ocrx_word' id='word_1_167' title='bbox 703 4075 811 4141; x_wconf 87' lang='lat' dir='ltr'>Venus</span> <span class='ocrx_word' id='word_1_168' title='bbox 834 4076 936 4141; x_wconf 81' lang='lat' dir='ltr'><strong>inixta</strong></span> <span class='ocrx_word' id='word_1_169' title='bbox 959 4078 1092 4141; x_wconf 89' lang='lat' dir='ltr'><strong>duorum</strong></span> <span class='ocrx_word' id='word_1_170' title='bbox 1116 4098 1249 4160; x_wconf 84' lang='lat' dir='ltr'><strong>corpora</strong></span> <span class='ocrx_word' id='word_1_171' title='bbox 1272 4077 1408 4161; x_wconf 80' lang='lat' dir='ltr'><strong>iungunt</strong></span> <span class='ocrx_word' id='word_1_172' title='bbox 1430 4075 1476 4139; x_wconf 81' lang='lat' dir='ltr'><strong>fa·</strong></span> 
     </span>
     <span class='ocr_line' id='line_1_29' title="bbox 701 4199 1475 4286; baseline 0 -21"><span class='ocrx_word' id='word_1_173' title='bbox 701 4201 827 4285; x_wconf 78' lang='lat' dir='ltr'>oiesque</span> <span class='ocrx_word' id='word_1_174' title='bbox 853 4200 1124 4286; x_wconf 87' lang='lat' dir='ltr'><strong>Hermophrodito</strong></span> <span class='ocrx_word' id='word_1_175' title='bbox 1153 4204 1186 4264; x_wconf 84' lang='lat' dir='ltr'>et</span> <span class='ocrx_word' id='word_1_176' title='bbox 1214 4199 1351 4265; x_wconf 82' lang='lat' dir='ltr'><strong>Salmaoi</strong></span> <span class='ocrx_word' id='word_1_177' title='bbox 1375 4200 1475 4265; x_wconf 88' lang='lat' dir='ltr'><strong>indui·</strong></span> 
     </span>
     <span class='ocr_line' id='line_1_30' title="bbox 700 4332 846 4392; baseline 0.007 -1"><span class='ocrx_word' id='word_1_178' title='bbox 700 4332 753 4392; x_wconf 84' lang='lat' dir='ltr'><strong>tur</strong></span> <span class='ocrx_word' id='word_1_179' title='bbox 775 4350 846 4392; x_wconf 81' lang='lat' dir='ltr'><strong>uuo.</strong></span> 
     </span>
    </p>

    <p class='ocr_par' dir='ltr' id='par_1_6' title="bbox 442 4451 1476 4536">
     <span class='ocr_line' id='line_1_31' title="bbox 442 4451 1476 4536; baseline -0.003 -20"><span class='ocrx_word' id='word_1_180' title='bbox 442 4452 621 4517; x_wconf 82' lang='lat' dir='ltr'>Memorstu</span> <span class='ocrx_word' id='word_1_181' title='bbox 654 4453 749 4517; x_wconf 80' lang='lat' dir='ltr'>etium</span> <span class='ocrx_word' id='word_1_182' title='bbox 782 4451 985 4536; x_wconf 86' lang='lat' dir='ltr'><strong>dignissimus</strong></span> <span class='ocrx_word' id='word_1_183' title='bbox 1018 4456 1066 4515; x_wconf 87' lang='lat' dir='ltr'>est</span> <span class='ocrx_word' id='word_1_184' title='bbox 1094 4451 1169 4517; x_wconf 87' lang='lat' dir='ltr'><strong>Met.</strong></span> <span class='ocrx_word' id='word_1_185' title='bbox 1185 4451 1223 4517; x_wconf 92' lang='lat' dir='ltr'><strong>X.</strong></span> <span class='ocrx_word' id='word_1_186' title='bbox 1241 4457 1304 4515; x_wconf 84' lang='lat'><strong>280</strong></span> <span class='ocrx_word' id='word_1_187' title='bbox 1315 4472 1384 4535; x_wconf 91' lang='lat' dir='ltr'><strong>sqq.</strong></span> <span class='ocrx_word' id='word_1_188' title='bbox 1412 4472 1476 4534; x_wconf 94' lang='lat' dir='ltr'><strong>quo</strong></span> 
     </span>
    </p>

    <p class='ocr_par' dir='ltr' id='par_1_7' title="bbox 355 4574 1477 4661">
     <span class='ocr_line' id='line_1_32' title="bbox 355 4574 1477 4661; baseline -0.004 -19"><span class='ocrx_word' id='word_1_189' title='bbox 355 4578 426 4643; x_wconf 89' lang='lat' dir='ltr'><strong>looo</strong></span> <span class='ocrx_word' id='word_1_190' title='bbox 444 4576 551 4642; x_wconf 89' lang='lat' dir='ltr'>Venus</span> <span class='ocrx_word' id='word_1_191' title='bbox 568 4582 707 4642; x_wconf 79' lang='lat' dir='ltr'><strong>statuam</strong></span> <span class='ocrx_word' id='word_1_192' title='bbox 723 4600 741 4641; x_wconf 83' lang='lat' dir='ltr'><strong>a</strong></span> <span class='ocrx_word' id='word_1_193' title='bbox 757 4576 968 4661; x_wconf 79' lang='lat' dir='ltr'>Pygmalione</span> <span class='ocrx_word' id='word_1_194' title='bbox 984 4577 1137 4641; x_wconf 83' lang='lat' dir='ltr'>caelatam</span> <span class='ocrx_word' id='word_1_195' title='bbox 1153 4577 1185 4641; x_wconf 91' lang='lat' dir='ltr'><strong>in</strong></span> <span class='ocrx_word' id='word_1_196' title='bbox 1201 4576 1357 4661; x_wconf 82' lang='lat' dir='ltr'>virginem</span> <span class='ocrx_word' id='word_1_197' title='bbox 1373 4574 1477 4639; x_wconf 86' lang='lat' dir='ltr'><strong>vertit.</strong></span> 
     </span>
    </p>
   </div>
   <div class='ocr_carea' id='block_1_3' title="bbox 355 4700 1477 4781">
    <p class='ocr_par' dir='ltr' id='par_1_8' title="bbox 355 4700 1477 4781">
     <span class='ocr_line' id='line_1_33' title="bbox 355 4700 1477 4781; baseline -0.005 -12"><span class='ocrx_word' id='word_1_198' title='bbox 355 4702 417 4781; x_wconf 79' lang='lat' dir='ltr'><strong>Qui</strong></span> <span class='ocrx_word' id='word_1_199' title='bbox 432 4703 521 4769; x_wconf 80' lang='lat' dir='ltr'>loeus</span> <span class='ocrx_word' id='word_1_200' title='bbox 536 4726 617 4768; x_wconf 88' lang='lat' dir='ltr'>unus</span> <span class='ocrx_word' id='word_1_201' title='bbox 633 4708 681 4768; x_wconf 90' lang='lat' dir='ltr'>est</span> <span class='ocrx_word' id='word_1_202' title='bbox 697 4725 735 4767; x_wconf 86' lang='lat' dir='ltr'><strong>ex</strong></span> <span class='ocrx_word' id='word_1_203' title='bbox 751 4702 899 4767; x_wconf 91' lang='lat' dir='ltr'><strong>omnibus</strong></span> <span class='ocrx_word' id='word_1_204' title='bbox 914 4702 1256 4781; x_wconf 79' lang='lat' dir='ltr'><strong>transformationibus‚</strong></span> <span class='ocrx_word' id='word_1_205' title='bbox 1274 4701 1330 4767; x_wconf 92' lang='lat' dir='ltr'><strong>ubi</strong></span> <span class='ocrx_word' id='word_1_206' title='bbox 1345 4723 1395 4765; x_wconf 90' lang='lat' dir='ltr'>res</span> <span class='ocrx_word' id='word_1_207' title='bbox 1411 4700 1477 4764; x_wconf 82' lang='lat' dir='ltr'><strong>vita</strong></span> 
     </span>
    </p>
   </div>
   <div class='ocr_carea' id='block_1_4' title="bbox 0 0 1704 5467">
    <p class='ocr_par' dir='ltr' id='par_1_9' title="bbox 0 0 1704 5467">
     <span class='ocr_line' id='line_1_34' title="bbox 0 0 1704 5467; baseline 0 2"><span class='ocrx_word' id='word_1_208' title='bbox 0 0 1704 5467; x_wconf 95' lang='lat' dir='ltr'><strong> </strong></span> 
     </span>
    </p>
   </div>
  </div>
 </body>
</html>
