3400 5467
850 1180 905 1291 A.
942 1177 1038 1294 Dii.

311 1461 329 1531 ὅ
348 1462 364 1515 1
473 1452 491 1535 ς
516 1454 543 1516 1.
590 1448 660 1512 Diis
683 1448 914 1512 immortalibus
933 1451 1073 1530 potestas
1090 1450 1137 1511 est
1153 1446 1227 1510 data
1242 1446 1317 1512 Met.
1333 1444 1420 1511 VIII.
1439 1452 1502 1510 730

370 1568 417 1640 'in
440 1576 578 1639 diversas
601 1572 785 1638 transeundi
807 1573 934 1656 figuras.
972 1571 1140 1655 Neptunus
1163 1571 1238 1636 Met.
1251 1570 1309 1645 ¹VI.
1327 1575 1502 1636 115-120

386 1700 454 1765 abit
475 1699 510 1764 in
533 1718 649 1783 equum
673 1701 705 1761 et
726 1698 760 1761 in
782 1698 958 1775 volucrem,
981 1696 1014 1761 in
1037 1700 1163 1760 torvum
1186 1696 1352 1760 iuvencum
1376 1700 1412 1760 ut
1435 1695 1503 1759 An-

385 1826 514 1910 tiopam,
546 1824 578 1887 in
606 1823 736 1888 arietem
763 1827 800 1886 ut
823 1821 977 1885 Bisaltida
1003 1820 1110 1897 fallat3
1142 1821 1201 1885 suh
1229 1821 1367 1905 imagine
1390 1820 1504 1904 Enipei

279 1944 280 1951 ἵ
386 1972 457 2014 cum
483 1948 660 2031 Iphimedia
683 1947 812 2012 Aloidas
840 1946 945 2031 gignit
968 1950 1000 2009 et
1022 1945 1102 2009 facie
1126 1946 1283 2029 delphinis
1306 1945 1504 2010 Melanthoni

386 2074 450 2138 vim
477 2078 577 2156 parat.
623 2073 771 2136 Phoebus
798 2072 918 2154 Apollo
942 2071 1016 2137 Met.
1032 2070 1089 2135 VI.
1108 2076 1282 2136 122-124
1311 2071 1444 2135 vertitur
1471 2071 1505 2134 in

387 2202 560 2282 agrestem,
592 2198 773 2281 accipitrem
801 2196 925 2260 leonem
954 2200 986 2259 et
1012 2201 1048 2260 ut
1074 2199 1183 2279 pastor
1210 2195 1390 2260 Macareida
1416 2196 1505 2260 Issen

386 2323 475 2387 ludit.
521 2322 615 2386 Liber
638 2321 713 2386 Met.
729 2319 788 2385 VI.
806 2325 868 2385 125
893 2319 1055 2405 Erigonen
1082 2320 1164 2385 falsa
1191 2343 1253 2384 uva
1281 2320 1405 2404 decipit.
1449 2319 1505 2384 Sa-

386 2451 497 2510 turnus
521 2445 595 2509 Met.
612 2444 664 2511 Vl.
683 2450 746 2509 126
771 2444 844 2529 equi
871 2444 1009 2529 imagine
1032 2445 1195 2528 geminum
1218 2444 1386 2508 Chironem
1409 2448 1504 2509 creat.

387 2571 560 2635 Mercurius
579 2570 655 2633 Met.
670 2568 694 2633 l.
712 2576 864 2633 676-77
889 2573 925 2632 ut
948 2572 1056 2651 pastor
1078 2591 1135 2651 per
1158 2569 1248 2633 devia
1270 2591 1345 2633 mre
1367 2569 1505 2653 capellas

387 2697 455 2781 agit
491 2696 638 2779 venitque
677 2694 716 2758 ad
744 2694 882 2779 Argum,
914 2693 1126 2760 Maelinae
1160 2717 1232 2759 cum
1265 2717 1341 2759 voce
1368 2695 1505 2779 figuram

386 2823 494 2899 vertit,
530 2830 566 2885 ut
597 2822 729 2885 Battum
761 2843 868 2884 senem
899 2825 1000 2903 tempt
1019 2825 1041 2885 t.
1097 2820 1216 2903 Apollo
1249 2842 1321 2885 cum
1353 2820 1505 2903 Neptuno

388 2947 463 3011 Met.
479 2945 533 3010 Xl.
550 2952 680 3010 eoa—3
704 2945 872 3009 mortalem
892 2944 1034 3009 induitur
1049 2944 1194 3021 formam,
1217 2950 1253 3010 ut
1268 2945 1383 3009 Troiae
1398 2967 1506 3009 muros

388 3072 540 3137 aedificet.
589 3071 723 3136 Proteus
756 3071 831 3135 Met.
858 3069 942 3136 VIII.
970 3077 1115 3148 730-7,
1148 3074 1183 3134 ut
1220 3070 1380 3135 Achelous
1413 3070 1507 3154 Galy-

389 3197 509 3275 donius
523 3197 623 3260 amnis
647 3196 704 3274 ait,
732 3196 865 3260 transire
888 3199 1013 3280 poterat
1034 3196 1069 3259 in
1092 3195 1250 3274 iuvenem,
1274 3196 1306 3259 in
1330 3197 1505 3260 violentum

388 3345 513 3407 aprum,
546 3322 578 3384 in
601 3322 738 3399 leonem,
770 3321 802 3383 in
826 3342 975 3405 anguem,
1007 3321 1040 3384 in
1062 3327 1202 3401 taurum,
1234 3322 1268 3383 in
1291 3321 1442 3403 lapidem,
1474 3322 1506 3384 in

389 3447 549 3533 arborem,
570 3446 603 3509 in
626 3446 756 3523 flumen,
779 3446 812 3509 in
834 3446 954 3529 ignem,
986 3446 1069 3510 idem
1092 3446 1130 3510 A,
1141 3446 1180 3511 A.
1190 3446 1214 3512 l'.
1232 3452 1293 3511 761
1319 3447 1382 3531 leo,
1406 3447 1507 3518 arbor,

388 3572 491 3637 hirtus
528 3594 603 3655 aper
639 3572 676 3635 fit
708 3576 739 3636 ct
771 3570 805 3635 F.
829 3570 852 3636 I.
874 3578 937 3636 373
975 3595 1032 3635 sua
1064 3577 1132 3636 arte
1164 3570 1278 3636 faciem
1309 3571 1508 3637 transformis

388 3696 552 3761 adulterat.
583 3694 728 3779 Alpheus
752 3696 827 3762 Met.
843 3695 883 3759 V.
902 3702 963 3759 637
990 3696 1092 3777 specie
1116 3696 1175 3758 viri
1199 3695 1392 3760 Arethusam
1414 3700 1507 3780 urget
1568 3765 1571 3770 ,

389 3826 420 3884 et
442 3821 547 3902 posito
570 3819 630 3883 viri
653 3842 707 3883 ore
730 3820 763 3883 in
786 3819 930 3903 proprias
953 3820 1053 3883 undas
1076 3820 1217 3897 vertitur,
1240 3824 1276 3883 ut
1294 3841 1327 3884 se
1349 3820 1507 3904 nymphae

388 3945 526 4010 misceat.
569 3943 728 4009 Achelous
752 3945 827 4009 Met.
842 3943 897 4010 IX.
916 3951 956 4009 63
981 3946 1112 4029 longum
1136 3943 1169 4008 in
1193 3966 1328 4028 anguem
1351 3944 1509 4041 fprmatur

390 4074 421 4133 et
443 4068 561 4133 ibidem
587 4075 627 4134 80
651 4068 688 4132 fit
717 4072 841 4145 taurus,
868 4072 905 4132 ut
928 4091 961 4132 se
985 4091 1022 4133 ex
1046 4067 1195 4132 Herculis
1217 4067 1362 4131 manibus
1387 4068 1508 4151 eripiat.

389 4193 498 4257 Thetis
526 4191 600 4256 Met.
616 4191 671 4255 ΧΙ.
690 4199 865 4257 243-245
898 4194 932 4256 in
963 4192 1076 4257 faciem
1109 4192 1260 4267 volucris,
1293 4191 1414 4255 arboris
1442 4214 1508 4256 ma·

390 4317 578 4401 culosaeque
600 4316 726 4401 tigridis
749 4318 890 4394 vertitur,
924 4322 1000 4381 uta
1024 4317 1120 4380 Peleo
1144 4317 1264 4380 evadat.
1302 4316 1509 4399 Aesculapius

389 4442 464 4507 Met.
480 4441 549 4507 XV.
568 4449 630 4506 669
642 4464 710 4525 sqq.
743 4465 871 4525 serpens
907 4443 943 4506 fit
979 4447 1011 4506 et
1042 4443 1074 4506 in
1103 4442 1178 4506 navi
1208 4442 1343 4507 Romam
1375 4440 1509 4518 vehitur,

390 4568 445 4631 ubi
471 4574 533 4632 743
559 4568 693 4653 speciem
718 4569 885 4632 caelestem
907 4570 1085 4651 resumpsit.
1118 4570 1228 4633 Musae
1244 4567 1508 4634 treuvam-8

390 4692 524 4777 Pyrenei
547 4693 676 4758 insidias
700 4694 832 4777 sumptis
856 4694 915 4758 alis
939 4695 1103 4780 effugiunt.
