3400 5467
822 679 1021 736 ..6-

360 847 445 912 Juno
469 847 543 913 Met.
560 846 599 912 Il.
615 854 679 912 476
691 870 759 931 sqq.
783 847 915 913 Callisto
935 850 1071 933 figuram
1086 850 1257 913 humanam
1272 850 1384 913 adimit
1399 870 1482 913 eam-

690 995 752 1057 que
775 974 809 1037 iu
831 996 937 1038 ursam
959 979 1070 1040 mutat.
1114 973 1202 1039 Idem
1226 974 1261 1040 F.
1277 973 1316 1039 Il.
1335 979 1396 1039 177
1415 996 1486 1057 sqq.

467 1099 542 1164 Met.
559 1098 613 1164 IV.
632 1104 694 1163 549
707 1121 776 1182 sqq.
805 1097 1006 1163 Sidoniamm
1037 1100 1188 1164 comItum
1217 1098 1326 1163 Inonis
1357 1099 1486 1183 reginae

704 1228 828 1308 partem
851 1223 885 1286 in
908 1246 997 1303 saxa,
1019 1229 1142 1307 partem
1170 1224 1203 1288 in
1227 1223 1381 1303 volucres,
1404 1245 1485 1307 quae

703 1347 875 1412 Ismenides
898 1352 1059 1426 vocantur,
1081 1349 1185 1413 vertit

468 1473 541 1537 Met.
558 1471 613 1538 Vl.
633 1478 684 1537 91.
709 1473 864 1538 Geranem
887 1473 920 1537 in
942 1495 1054 1559 gruem
1078 1479 1109 1538 et

630 1602 682 1661 94.
707 1595 891 1681 Antigonen
915 1597 947 1660 in
971 1598 1137 1662 candidam
1159 1598 1320 1663 ciconiam.

358 1722 465 1787 Pallas
490 1722 566 1786 Met.
582 1720 621 1787 II.
642 1728 705 1787 580
717 1745 785 1806 sqq.
809 1721 941 1787 Coronei
964 1723 1063 1787 filiam
1084 1724 1119 1787 in
1142 1723 1307 1802 cornicem,

490 1848 565 1936 Met.
581 1846 636 1913 VI.
657 1853 717 1912 135
731 1870 799 1932 sqq.
822 1848 992 1913 Arachnen
1013 1849 1048 1912 in
1071 1870 1227 1927 araneam,

489 1973 563 2037 Met.
585 1971 667 2037 VIII.
687 1978 748 2037 251
762 1995 830 2057 sqq.
854 1973 972 2037 sororis
995 1974 1129 2038 Daedali
1150 1973 1253 2037 filium
1276 1974 1310 2037 in
1325 1974 1481 2057 perdicem

357 2096 560 2181 Diana4Met.
575 2096 631 2163 III.
651 2104 712 2162 193
724 2120 791 2182 sqq.
815 2097 980 2163 Actaeona
1001 2098 1035 2162 in
1059 2120 1194 2177 cervum,

483 2222 559 2287 Met.
577 2220 664 2286 VIII.
683 2228 826 2307 535sqq.
850 2223 1003 2307 Meleagri
1026 2244 1150 2287 sorores
1173 2224 1207 2287 in
1230 2223 1381 2303 volucres,

484 2348 560 2411 Met.
576 2347 646 2412 XV.
663 2353 726 2412 548
738 2370 806 2432 sqq.
831 2348 980 2432 Egeriam
1002 2349 1034 2411 in
1058 2348 1180 2413 fontem

347 2471 450 2539 Ceres
474 2472 548 2537 Met.
565 2471 604 2536 V.
623 2479 685 2537 448
698 2491 766 2556 sqq.
790 2473 842 2537 ani
865 2472 981 2551 filium,
1009 2473 1064 2556 qui
1093 2495 1163 2537 eam
1192 2474 1314 2538 avidam
1337 2475 1479 2551 vocabat,

696 2599 728 2660 in
752 2598 911 2675 lacertam,

621 2728 763 2806 657sqq.
788 2722 937 2805 Lyncum,
960 2721 1114 2806 Scythum
1136 2744 1244 2806 regem
1267 2723 1301 2788 in
1324 2723 1456 2807 lyncem,

476 2847 551 2911 Met.
568 2847 605 2911 X.
625 2853 686 2911 103
699 2869 765 2931 sqq.
790 2847 822 2910 in
846 2847 956 2929 pinum
978 2847 1080 2930 Attin,
1104 2847 1159 2931 qui
1182 2870 1221 2911 ex
1244 2846 1279 2913 F.
1297 2846 1332 2912 V.

623 2977 685 3034 227
711 2972 743 3035 in
766 2970 877 3034 florem
900 2967 1040 3035 mutatus
1064 2976 1140 3037 erat.

360 3058 553 3179 Proserpina
576 3097 652 3161 Met.
671 3094 707 3160 V.
725 3101 787 3160 538
799 3118 868 3180 sqq.
892 3096 1107 3180 Ascalaphum
1129 3097 1163 3160 in
1185 3097 1353 3173 bubonem,

357 3221 480 3286 Latona
502 3222 577 3288 Met.
596 3220 652 3285 VI.
671 3228 734 3286 369
759 3222 873 3306 Lyciae
895 3222 1029 3286 rusticos
1052 3222 1085 3286 in
1108 3244 1210 3301 ranas,

352 3344 466 3410 'Venus
489 3345 564 3410 Met.
580 3346 618 3410 X.
636 3352 767 3410 aes-7
780 3368 847 3429 sqq.
876 3346 998 3411 incolas
1030 3346 1117 3410 urbis
1145 3346 1278 3411 Amathi
1308 3346 1342 3409 iu
1374 3351 1482 3411 torvos
1532 3330 1535 3334 ⁵
1574 3330 1577 3334 ¹

777 3449 983 3536 transformat
1005 3472 1163 3550 iuvencos,

637 3602 766 3661 241—2
791 3596 941 3661 mulieres
964 3572 1103 3662 eiusdem
1125 3597 1213 3660 urhis
1235 3596 1268 3659 iu
1291 3618 1375 3676 saxa,

637 3727 778 3805 724sqq.
802 3722 947 3786 Adonem
969 3722 1003 3785 in
1026 3721 1184 3798 adonium,

486 3846 560 3911 Met.
577 3845 664 3910 XIV.
681 3852 744 3910 497
757 3868 824 3929 sqq.
849 3847 993 3910 Acmona
1016 3845 1146 3929 eiusque
1162 3846 1263 3909 socios
1278 3846 1311 3910 in
1327 3847 1478 3926 volucres
1567 3849 1570 3853 ’

757 3993 838 4054 quae
865 3970 1055 4035 Diomedeae
1078 3975 1240 4037 vocantur.

356 4096 475 4161 Lucina
497 4096 571 4160 Met.
588 4095 641 4160 IX.
661 4102 723 4160 315
735 4117 803 4178 sqq.
827 4096 1073 4161 Galanthem'in
1096 4097 1274 4175 mustelam,

356 4222 468 4286 Thetis
491 4221 566 4285 Met.
584 4219 638 4285 XI.
658 4225 799 4303 784sqq.
823 4221 979 4285 Aesacum
1003 4222 1036 4283 in
1059 4242 1212 4305 mergum,

356 4346 473 4430 Cybele
497 4346 572 4410 Met.
588 4345 626 4410 X.
645 4352 707 4410 695
719 4367 787 4429 sqq.
813 4334 1046 4428 Hippomenem
1070 4350 1101 4409 et
1123 4345 1290 4409 Atlantem
1313 4346 1346 4410 in
1370 4347 1477 4411 leones

498 4471 572 4535 Met.
590 4469 674 4534 XIV.
694 4476 756 4533 549
768 4491 837 4553 sqq.
862 4471 988 4533 Aeneae
1010 4491 1106 4534 naves
1129 4471 1161 4534 in
1184 4469 1330 4536 Naiades.

357 4595 446 4661 Circe
470 4595 545 4660 Met.
561 4594 646 4660 XIV.
665 4600 808 4677 276sqq.
837 4593 952 4659 Ulissis
980 4595 1108 4659 comites
1136 4596 1168 4659 in
1197 4596 1346 4660 animalia
1371 4595 1479 4678 eisque

739 4718 853 4785 Ulissis
877 4719 961 4783 iusso
985 4719 1150 4803 pristinam
1174 4721 1310 4785 formam
1334 4721 1396 4785 dat.

1671 4605 1673 4692 i
