3400 5467
674 666 897 723 ,55-

222 806 367 898 futurum
405 834 459 914 sit,
496 835 618 899 animos
656 856 763 901 eorum
796 836 984 920 tranquillat
1016 838 1207 921 trepidantes
1240 838 1346 921 eisque

120 1026 126 1037 ,
222 978 342 1023 novum
365 980 465 1043 genus
488 958 654 1044 promittit.
690 960 777 1025 Idem
801 960 1012 1025 reminiscitur
1032 962 1203 1047 aliquando
1220 985 1344 1028 omnem

223 1083 308 1145 huno
336 1083 488 1147 mundum
516 1084 627 1147 ardore
655 1084 902 1171 deflagraturum
929 1086 963 1149 in
990 1086 1064 1151 fatis
1092 1087 1247 1172 scriptum
1270 1110 1345 1165 csse,

222 1229 289 1291 qua
319 1208 357 1271 de
390 1228 483 1271 causa
511 1206 683 1293 chlopum
716 1210 780 1274 tela
811 1210 937 1293 reponit
969 1215 1000 1274 et
1031 1212 1214 1276 mortalium
1245 1234 1346 1297 genus

221 1332 419 1416 flagitiosum
443 1336 475 1395 εὴ
496 1313 630 1417 impium
653 1334 745 1397 undis
768 1335 899 1417 perdere
922 1336 1068 1400 decernit.

286 1492 288 1497 ·
313 1455 461 1540 Juppiter
483 1457 609 1541 genitor
632 1463 679 1523 est
703 1458 873 1542 divumque
895 1459 1124 1543 hominumque
1143 1482 1267 1543 parens,
1291 1461 1346 1544 qui

220 1581 263 1645 de
285 1584 375 1644 vesto
400 1579 535 1665 Olympo
563 1586 596 1645 et
622 1574 766 1647 homines
796 1586 828 1646 et
851 1584 926 1647 deos
948 1584 1040 1667 regit.
1086 1583 1215 1649 Potenti
1237 1585 1347 1649 dextra

220 1704 359 1769 fulmina
381 1705 481 1770 mittit
503 1710 535 1769 εὴ
551 1706 703 1791 Gigantes
727 1707 857 1772 deorum
877 1711 1146 1791 contemptatores
1161 1708 1346 1793 perfrangit.

219 1828 299 1894 lovi
331 1829 466 1895 subiecti
498 1835 571 1894 sunt
599 1830 729 1895 numina
755 1831 874 1897 rustica
900 1833 1073 1916 nymphae,
1104 1832 1206 1910 fauni,
1238 1832 1346 1915 satyri,

224 1953 477 2037 monticolaeque
514 1953 648 2031 Silvani,
685 1955 818 2019 subiecti
850 1959 926 2021 sunt
958 1956 987 2019 ei
1015 1961 1046 2021 et
1075 1956 1130 2035 dii,
1164 1957 1218 2040 qui
1246 1956 1346 2019 altum

223 2078 368 2143 incolunt
390 2076 563 2161 Olympum
586 2082 617 2143 et
640 2077 821 2162 Neptunus,
854 2079 961 2165 pelagi
988 2102 1044 2144 rex
1073 2084 1105 2144 et
1127 2078 1259 2158 Pluton,
1290 2101 1346 2143 rex

220 2202 345 2267 tartari.
391 2202 489 2267 ludex
513 2206 561 2266 est
583 2202 733 2286 luppiter
756 2204 949 2282 caelestium,
973 2204 1028 2288 qui
1050 2204 1090 2268 ad
1113 2226 1185 2269 eum
1208 2204 1347 2282 veniunt,

223 2332 261 2391 ut
283 2326 493 2391 dissensiones
517 2348 627 2392 eorum
649 2328 816 2413 iurgiaque
838 2333 1018 2413 componat.
1058 2327 1136 2393 Oum
1156 2350 1193 2392 eo
1211 2328 1255 2393 dii
1270 2350 1346 2411 que·

224 2456 337 2515 runtur
353 2472 448 2535 seque
464 2451 530 2516 eius
545 2453 720 2517 sententiae
736 2453 896 2518 subiciunt
910 2453 1047 2517 libenter
1062 2459 1093 2517 et
1108 2452 1347 2517 modestissime.

221 2575 377 2641 Contione
401 2582 574 2642 convocata
596 2598 652 2641 rex
676 2599 825 2662 superum
847 2578 1007 2642 neminem
1027 2578 1160 2662 quaerit,
1184 2578 1260 2661 quid
1276 2599 1346 2643 sen·
1435 2581 1436 2584 ’

219 2702 296 2778 tiat;
319 2723 400 2765 unus
424 2723 530 2765 secum
553 2702 678 2767 volutat
702 2707 733 2766 et
756 2702 823 2786 ipse
846 2723 965 2785 poenas
988 2702 1155 2766 hominum
1174 2701 1346 2766 sceleribus

219 2826 397 2891 constituit.

313 2949 350 3014 ln
387 2955 477 3015 vasto
515 2949 652 3034 Olympo
690 2954 774 3015 tecta
811 2955 886 3015 sunt
923 2950 1034 3035 Magni
1066 2950 1227 3015 Tonantis.
1281 2949 1347 3014 lter

219 3075 373 3153 sublime,
401 3074 488 3139 caelo
516 3096 626 3139 sereno
655 3076 857 3139 manifestum
886 3079 918 3139 et
945 3075 1086 3139 notabile
1112 3075 1181 3158 ipso
1210 3043 1346 3138 candore

220 3200 264 3263 ad
295 3200 436 3284 regalem
470 3201 599 3264 domum
631 3198 725 3264 ducit.
771 3200 893 3263 Dextra
921 3203 952 3263 et
979 3200 1070 3263 laeva
1098 3199 1227 3263 deorum
1255 3197 1345 3262 nobi·
1446 3237 1448 3242 -

221 3324 303 3388 lium
335 3324 416 3389 atria
447 3329 534 3403 sunt,
567 3324 621 3407 qui
654 3324 687 3387 in
720 3345 932 3387 marmoreum
964 3345 1122 3387 recessum
1155 3323 1345 3387 conveniunt

220 3449 263 3513 ad
287 3449 464 3513 concilium.
509 3449 557 3513 De
585 3448 698 3512 altiore
726 3470 762 3512 au
785 3448 916 3511 celsiore
938 3448 1010 3512 loco
1035 3453 1066 3512 et
1089 3448 1199 3511 enixus
1221 3451 1345 3529 sceptro
1420 3440 1425 3449 ’

220 3574 361 3638 eburneo
385 3595 525 3637 summus
550 3574 679 3637 deorum
702 3576 806 3637 rector
829 3573 948 3637 salutat
971 3594 1053 3650 suos,
1077 3572 1246 3651 caesariem
1270 3594 1345 3635 con·

219 3699 303 3763 outit
325 3698 493 3762 terrificam
517 3702 627 3780 terque
650 3701 838 3781 quaterque:
863 3701 1030 3761 moventur
1053 3700 1085 3760 et
1107 3700 1191 3759 terra
1212 3700 1244 3760 et
1258 3718 1345 3760 mare

220 3828 256 3887 et
283 3824 394 3888 sidera.
439 3806 646 3886 Annuit-uni
674 3821 779 3886 esuis
803 3827 834 3885 et
857 3826 937 3886 nutu
961 3826 1189 3905 conquassatur
1211 3825 1345 3905 uterque

222 3947 317 4031 polus
345 3947 487 4030 caelique
515 3947 654 4030 pondera
670 3947 784 4010 sensit
813 3946 913 4011 Atlas.
963 3947 1084 4010 Dextra
1117 3968 1174 4009 sua
1205 3945 1344 4009 triculcis

219 4072 352 4157 ignibus
380 4076 502 4135 armata
530 4093 617 4135 arces
647 4075 803 4153 temperat
825 4070 982 4134 aetherias
1006 4076 1038 4134 et
1060 4070 1213 4133 triformis
1236 4070 1345 4133 mundi

219 4218 328 4281 regna.
378 4196 513 4262 Tonitru
543 4201 573 4260 et
601 4196 726 4281 fulgure
754 4200 852 4259 terret
879 4195 989 4258 orbem
1016 4194 1221 4278 nubibusque
1245 4194 1344 4257 caecis

220 4343 296 4384 aera
321 4321 444 4385 occulit.
491 4321 539 4384 De
573 4343 696 4384 summa
725 4318 854 4403 Olympi
882 4340 952 4382 arce
979 4317 1115 4405 terribili
1142 4318 1251 4382 dextra
1278 4318 1344 4381 fera

219 4446 321 4510 iactat
343 4446 486 4511 fulmine.
525 4444 644 4509 Parens
668 4449 762 4528 atque
785 4449 891 4508 rector
913 4443 1077 4508 hominum
1096 4442 1199 4525 patria
1214 4442 1344 4506 caritate

221 4571 406 4636 mortalium
430 4570 525 4634 saluti
549 4569 694 4634 consulit.
733 4568 871 4634 Nefariis
894 4568 1125 4651 terrigenarum
1149 4566 1344 4630 facinoribus

219 4696 356 4780 ingemit
384 4701 415 4760 et
443 4718 513 4759 cum
537 4693 704 4758 Phaethon
733 4695 765 4757 in
793 4693 892 4777 patris
921 4714 1013 4756 curru
1041 4696 1141 4755 terras
1166 4695 1197 4754 et
1219 4694 1343 4754 montes
