3400 5467
682 678 904 735 -43-

321 848 359 913 In
382 852 491 913 nostro
515 848 678 932 opusculo:
703 848 752 912 De
773 846 857 912 Jone
879 854 911 913 et
932 833 1003 913 fato
1023 848 1055 913 in
1080 848 1115 913 P.
1137 848 1263 933 Vergili
1285 848 1354 913 Ma-

232 973 318 1038 ronis
335 972 477 1037 Aeneide,
497 996 528 1057 p.
545 980 573 1037 9.
594 973 746 1056 scripturn
762 972 911 1057 legimus:
934 973 1004 1051 Dei,
1027 972 1134 1057 superi
1149 974 1189 1037 ad
1205 982 1356 1055 personas

232 1099 399 1183 pertinent,
423 1098 462 1163 ad
485 1097 667 1163 divinitates
683 1134 728 1145 -
743 1096 883 1164 numina.
913 1098 1070 1162 Divinitas
1093 1102 1130 1163 ut
1145 1120 1195 1163 res
1211 1098 1356 1162 sensibus

232 1245 295 1287 non
323 1222 464 1287 subiecta
490 1221 640 1287 motionis
669 1222 795 1306 quidem
823 1244 954 1305 compos
982 1244 1047 1287 non
1074 1228 1135 1302 est,
1167 1224 1221 1287 sed
1248 1227 1355 1287 tamen

151 1351 154 1356 ’
233 1347 365 1413 aetionis
392 1348 462 1413 sola
490 1350 595 1413 mente
617 1347 838 1431 percipiendae
861 1352 898 1412 ut
921 1348 1019 1413 animi
1042 1352 1161 1427 motus,
1188 1348 1354 1432 perturba-

232 1472 335 1554 tionis,
358 1493 439 1554 quae
462 1472 609 1535 nimirum
634 1472 683 1535 dei
706 1472 846 1549 miscere,
876 1472 958 1551 cieri,
987 1473 1110 1557 agitare
1132 1477 1274 1556 possunt.
1306 1471 1357 1536 Ea

233 1601 338 1662 autem
362 1596 526 1661 diversitas
549 1601 645 1679 atque
668 1596 847 1663 differentia
867 1597 901 1660 in
921 1597 1060 1662 Nasonis
1082 1598 1231 1681 operibus
1254 1619 1357 1680 neque

233 1722 403 1787 sustentari
419 1744 521 1805 neque
537 1722 716 1787 conservari
731 1725 846 1805 potest,
867 1726 903 1786 ut
919 1744 959 1787 ex
974 1724 1120 1787 omnibus
1135 1723 1223 1803 louis,
1240 1723 1355 1807 quibus

233 1846 309 1910 deus
332 1868 396 1909 una
419 1866 491 1909 oum
514 1846 695 1910 numinibus
718 1844 845 1929 legitur,
868 1846 1118 1930 intellegendum
1138 1850 1195 1910 est.
1225 1845 1356 1911 Ovidius

232 1967 348 2051 partim
382 1968 548 2035 discrimen
577 1973 682 2035 servat
708 1970 792 2035 inter
819 1969 913 2035 deum
942 1973 1128 2048 sturmen,
1158 1969 1275 2054 partim
1297 1992 1356 2053 pro

232 2097 380 2157 concreto
407 2093 458 2158 dei
485 2093 678 2159 abstractum
707 2093 845 2159 numinis
874 2094 964 2159 nulls
987 2094 1218 2161 interoredente
1242 2096 1355 2159 discre-

234 2218 342 2301 pantia
362 2219 503 2285 adhibet.
561 2240 563 2245 ·

323 2362 341 2446 ξ
366 2370 417 2426 24.
463 2362 564 2426 fatum
588 2363 707 2446 legitur

283 2504 313 2588 a)
338 2524 397 2587 pro
420 2505 487 2569 vita

340 2636 596 2703 detulisse:
621 2690 627 2702 .
652 2689 658 2702 .
683 2690 690 2703 .
715 2690 721 2701 .
746 2638 821 2722 quid
843 2660 902 2703 vos
924 2638 957 2702 in
980 2638 1047 2703 fata
1070 2640 1211 2722 parentis
1227 2643 1356 2705 arouat?

339 2771 460 2836 Eodem
483 2794 590 2836 sensu:
614 2770 689 2837 Met.
698 2770 786 2836 VIII.
804 2779 883 2851 3913
900 2779 978 2852 4123
995 2772 1048 2838 IX.
1068 2779 1130 2838 160
1148 2774 1186 2837 A.
1202 2773 1225 2839 I.
1241 2774 1290 2838 El.
1301 2773 1356 2839 VI.

396 2902 436 2960 14
461 2896 499 2960 Α.
515 2896 554 2961 ΙΙ.
578 2896 628 2961 ΕΙ.
644 2896 767 2964 XIV.4
792 2898 827 2963 P.
843 2897 868 2962 I.
891 2898 950 2983 Ep.
966 2896 1021 2962 IX.
1038 2906 1079 2961 22
1105 2898 1145 2961 Η.
1161 2897 1184 2961 I.
1204 2904 1279 2963 104:
1304 2922 1356 2962 ex-

393 3026 528 3086 tremum
552 3021 612 3086 fati
635 3023 716 3086 diem
741 3023 906 3092 sustinere.

341 3154 413 3219 Huc
431 3154 567 3221 'forsitan
590 3156 752 3239 pertinent
775 3154 850 3221 Met.
866 3155 921 3220 XI.
939 3162 955 3219 7
961 3163 1015 3220 59:

448 3289 503 3374 qui
526 3290 588 3354 nisi
611 3291 760 3355 sensisset
781 3291 885 3374 prima
908 3312 991 3354 nova
1015 3290 1081 3354 fata
1103 3290 1240 3356 iuventa.

342 3424 376 3490 Τ.
397 3424 432 3490 V.
448 3426 497 3490 EI.
514 3425 553 3489 V.
571 3432 627 3491 62:
650 3425 815 3509 aequarint
837 3424 946 3511 Pylios
970 3447 1042 3489 oum
1066 3430 1121 3489 tua
1143 3424 1210 3490 fata
1235 3426 1311 3491 dies.

343 3558 377 3623 T.
394 3558 448 3623 IV.
463 3559 513 3623 ΕΙ.
530 3559 568 3623 X.
587 3566 644 3625 77:
667 3581 725 3626 suu
747 3560 815 3624 fata
837 3561 996 3645 complere
1011 3581 1069 3643 pro
1086 3580 1217 3623 numero
1237 3560 1358 3624 dierum

585 3722 589 3727 -
651 3684 734 3749 vitae
753 3648 831 3749 suae
855 3684 960 3771 [vita].

289 3826 322 3910 b)
343 3848 401 3910 pro
424 3831 548 3901 morte.⁴
610 3859 612 3867 ⁴

295 3974 296 3979 ’
342 3958 416 4025 Met.
433 3959 486 4025 VI.
505 3968 582 4037 642:
607 4012 613 4026 .
638 4012 644 4024 .
669 4012 676 4028 .
700 4012 707 4025 .
732 3962 809 4026 satis
831 3961 881 4025 illi
905 3962 944 4025 ad
968 3961 1034 4025 fata
1057 3961 1229 4028 volonum

728 4086 843 4149 vulnus
867 4090 945 4151 orat.

230 4280 232 4285 .
342 4217 430 4283 Idem
453 4218 528 4283 Met.
543 4218 583 4283 II.
601 4224 662 4283 617
688 4216 727 4284 V.
745 4225 785 4283 65
810 4217 866 4282 VI.
885 4224 961 4295 5703
992 4224 1069 4296 606;
1095 4224 1173 4284 639:
1200 4220 1359 4283 venientia

395 4342 462 4406 fata
493 4342 532 4409 X.
550 4348 609 4421 313*
637 4340 707 4407 XII.
730 4348 770 4406 38
804 4339 890 4407 XIII.
909 4348 986 4420 1803
1020 4346 1083 4405 478
1119 4341 1358 4420 A2A.111.19;

398 4476 460 4533 672
490 4466 529 4533 Η.
546 4468 630 4534 XIX.
649 4474 725 4547 106;
756 4474 818 4533 118
847 4467 888 4532 A.
904 4466 927 4533 I.
955 4467 1004 4531 El.
1020 4466 1092 4533 XV.
1108 4472 1158 4532 39.
1210 4466 1360 4532 Fortasse

397 4594 491 4657 etiarn
524 4592 558 4659 F.
577 4591 618 4659 V.
640 4600 702 4657 472
737 4597 768 4657 et
800 4594 875 4659 Met.
895 4591 951 4656 VI.
971 4598 1046 4657 373.
1076 4592 1117 4657 H.
1136 4590 1206 4657 VII.
1228 4598 1260 4656 1:
1292 4593 1366 4657 fata.

395 4723 518 4783 vocant.
612 4722 614 4727 ’

1375 2391 1449 2461 §⁶24
