3400 5467
807 671 1028 729 ..12-

515 844 577 910 Illa
600 844 727 928 quidem
751 842 879 920 mollet‚
902 843 957 907 sed
979 847 1012 906 te
1035 862 1170 925 quoque,
1193 842 1329 906 maxime
1351 840 1479 926 Python

516 975 584 1034 tum
608 969 726 1053 genuit.

463 1094 539 1159 Met.
554 1093 640 1159 XIII.
658 1100 787 1157 391-8
812 1092 908 1157 tellus
924 1091 1030 1157 Aiacis
1050 1090 1204 1177 sanguine
1219 1092 1383 1156 rubefacta
1404 1112 1479 1174 pur·
1527 1144 1531 1150 .

814 1240 947 1301 pureum
970 1217 1176 1300 hyacinthum
1200 1217 1238 1280 de
1255 1216 1346 1280 viridi
1367 1217 1481 1300 genuit

814 1342 940 1426 cespite.

445 1466 483 1532 In
505 1467 616 1531 fabula
636 1489 762 1551 quoque
778 1467 816 1531 de
831 1467 1000 1549 lapidibus,
1023 1488 1103 1550 quos
1119 1466 1293 1530 Deucalion
1309 1469 1341 1530 et
1356 1465 1481 1549 Pyrrha

359 1615 416 1657 sua
450 1597 523 1675 post
554 1592 688 1676 vestigia
719 1592 861 1669 mittunt,
892 1591 989 1675 vulgo
1028 1591 1122 1655 tellus
1157 1612 1274 1655 numen
1309 1590 1481 1654 fecundans
1598 1613 1602 1617 “

357 1718 501 1797 habetur,
524 1718 579 1781 sed
603 1718 677 1783 Met.
692 1717 717 1783 I.
734 1724 865 1783 aso-2
890 1717 1039 1801 legimus:

465 1843 556 1908 Talia
580 1847 775 1927 quaerentes,
799 1843 860 1907 sibi
884 1842 968 1906 enim
989 1842 1058 1906 fore
1082 1848 1186 1907 cetera
1209 1864 1302 1906 curae

352 1960 355 1967 ’
465 1990 521 2031 rex
544 1990 691 2051 superum
714 1968 873 2050 trepidare
895 1972 991 2047 vetat,
1014 1966 1222 2050 subolemque
1244 1965 1345 2049 priori
1408 1993 1411 1999 ·
1470 2052 1475 2061 ι

467 2092 650 2157 dissimilem
673 2092 792 2175 populo
817 2091 975 2174 promittit
999 2091 1121 2175 origine
1143 2091 1231 2155 mira.

449 2216 519 2293 Quo
536 2240 574 2281 ex
589 2218 657 2281 loco
673 2216 780 2281 lovem
797 2239 865 2281 esse
881 2221 1041 2281 auctorem
1057 2216 1263 2301 intellegitur,
1287 2238 1480 2300 quamquam

308 2396 312 2403 .
359 2347 421 2405 411
448 2363 644 2427 superorum
659 2342 786 2407 numine
809 2342 962 2425 scriptum
986 2346 1044 2424 est,
1068 2364 1149 2426 quae
1171 2342 1268 2405 verba
1290 2362 1403 2425 parum
1428 2342 1479 2404 de-

357 2466 447 2530 finita
471 2470 503 2529 et
526 2466 609 2531 iusto
632 2466 728 2531 latius
752 2468 894 2549 patentia
916 2468 1117 2551 percipienda
1132 2471 1220 2543 sunt;
1243 2467 1328 2549 quod
1346 2473 1477 2530 aso-2

358 2591 588 2655 dubitationem
621 2592 742 2656 nullam
775 2592 908 2672 habent,
941 2593 1018 2676 quin
1041 2591 1189 2675 Juppiter
1221 2592 1351 2657 effector
1379 2591 1422 2655 sit
1449 2595 1481 2655 et

360 2736 474 2798 parens
498 2717 662 2781 hominum
687 2739 704 2779 e
720 2717 879 2799 lapidibus
896 2717 1103 2801 gignentium.
1133 2717 1256 2781 Eodem
1272 2716 1367 2781 modo
1383 2716 1481 2780 inter-

357 2840 503 2923 pretandi
527 2845 601 2905 sunt
624 2840 698 2904 Met.
715 2839 770 2905 III.
789 2846 849 2905 101
863 2864 947 2925 sqq,
979 2861 1042 2925 quo
1071 2840 1206 2905 Cadmus
1229 2840 1370 2906 Palladis
1391 2841 1479 2905 iussu

293 2969 295 2974 '
358 2958 501 3048 vipereos
526 2964 634 3029 dentes
659 2970 763 3029 motae
779 2967 930 3049 supponit
944 2970 1047 3031 terrae
1063 2989 1102 3030 ex
1118 2989 1180 3050 qua
1196 2967 1310 3031 armati
1327 2966 1483 3030 exsistunt

358 3089 419 3154 viri
443 3094 475 3153 et
498 3088 571 3153 Met.
589 3088 660 3153 Vll.
679 3095 740 3154 121
753 3112 821 3175 sqq.
845 3091 902 3154 ubi
924 3090 1023 3155 Jason
1047 3092 1191 3175 vipereos
1219 3092 1328 3155 dentes
1357 3090 1481 3175 spargit

357 3214 390 3278 in
414 3219 518 3279 aratos
542 3236 644 3299 agros,
669 3216 784 3299 quibus
801 3238 839 3279 ex
856 3217 1028 3282 seminibus
1051 3217 1132 3281 fiunt
1153 3218 1304 3296 homines,
1326 3216 1383 3300 qui
1398 3216 1480 3279 inter

326 3352 391 3403 'se
420 3344 598 3424 pugnantes
632 3342 672 3405 ad
705 3364 804 3405 unum
837 3363 947 3406 omnes
980 3347 1121 3425 pereunt.
1172 3342 1247 3407 Met.
1262 3341 1318 3407 Ill.
1337 3348 1397 3406 101
1414 3363 1482 3424 sqq.

360 3464 501 3527 animum
523 3464 656 3529 inclinat
678 3470 715 3529 ut
731 3466 858 3529 credam
873 3464 1046 3544 Palladem,
1069 3467 1157 3531 cuius
1178 3466 1264 3531 iussu
1279 3466 1378 3530 Iason
1395 3466 1480 3547 vipe-

358 3609 431 3652 reos
456 3589 564 3652 dentes
587 3588 729 3666 seruerit,
753 3593 913 3655 auctorem
932 3590 1029 3654 fuisse
1044 3591 1282 3675 terrigenarum.
1320 3590 1395 3654 Met.
1411 3587 1483 3653 VII.

361 3718 422 3777 121
436 3736 503 3797 sqq.
524 3735 582 3795 pro
599 3719 685 3778 certo
702 3714 783 3777 nihil
800 3714 920 3779 dictum
936 3720 992 3793 est,
1016 3720 1049 3779 at
1065 3715 1094 3778 si
1109 3715 1302 3798 reliquorum
1318 3714 1482 3798 analogias

358 3839 500 3903 locorum
524 3839 686 3923 sequimur
708 3844 740 3904 et
763 3862 799 3904 eo
824 3839 896 3905 loco
921 3841 1026 3924 superi
1049 3841 1115 3905 sive
1138 3863 1247 3905 eorum
1262 3864 1317 3905 rex
1333 3839 1482 3924 Juppiter

359 3968 470 4028 auctor
493 3967 553 4041 est,
582 3963 768 4046 praesertim
792 3986 863 4028 cum
891 3964 980 4029 nulla
1003 3965 1180 4029 contrariae
1202 3966 1376 4029 sententiae
1399 3965 1483 4029 ratio

358 4088 408 4154 sit.
447 4087 534 4152 Idem
558 4088 619 4152 dici
641 4093 748 4170 potest
771 4089 809 4153 de
833 4090 908 4155 Met.
924 4089 1010 4155 XIV.
1028 4093 1101 4168 574,
1125 4112 1187 4173 quo
1212 4113 1250 4153 ex
1273 4091 1376 4154 cinere
1392 4091 1480 4154 urbis

359 4214 480 4279 deletae
504 4213 628 4277 Ardeae
656 4214 806 4277 subvolat
833 4216 971 4279 volucris
1000 4215 1141 4280 eiusdem
1164 4215 1314 4292 nominis,
1347 4216 1374 4279 si
1397 4237 1482 4279 com-

358 4360 514 4423 paramus·
528 4337 606 4403 Met.
622 4328 708 4403 XIII.
727 4345 790 4403 600
801 4362 884 4424 sqq,
912 4362 976 4422 quo
1005 4340 1076 4403 loco
1102 4339 1225 4403 Aurora
1248 4364 1267 4405 a
1290 4339 1371 4403 Jove
1394 4340 1483 4423 petit,

358 4470 394 4529 ut
410 4464 573 4529 Memnoni
591 4465 657 4529 filio
674 4463 811 4549 aliquem
827 4466 979 4529 honorem
995 4466 1107 4530 mortis
1123 4466 1241 4530 solacia
1256 4466 1317 4529 det.
1333 4465 1482 4549 Iuppiter

360 4594 515 4654 annuerat
538 4594 569 4653 et
593 4612 630 4654 ex
647 4590 824 4655 Memnonis
848 4590 952 4655 cinere
976 4591 1115 4656 existunt
1130 4592 1282 4669 volucres,
1306 4590 1484 4654 Memnoni·

360 4714 415 4778 des
444 4714 560 4793 dictae,
587 4737 668 4799 quae
701 4715 871 4800 quotannis
904 4716 965 4793 die,
995 4738 1059 4800 quo
1082 4717 1227 4780 Aurorae
1250 4714 1334 4778 filius
1357 4715 1484 4778 ex'vita
