3400 5467
841 661 1059 718 456—

386 832 591 910 'incendisset
614 832 734 895 fulmen
757 830 858 897 mittit
880 831 1062 896 inevitabile
1084 830 1117 894 in
1141 830 1344 895 temerarium
1367 830 1520 914 aurigans

393 972 527 1040 eumque
559 958 598 1021 de
629 956 707 1021 rotis
740 956 841 1030 deicit.
887 956 964 1020 Post
996 945 1206 1020 Phaethontis
1237 955 1339 1018 fatum
1372 955 1514 1019 humana
1617 1000 1623 1010 .

393 1081 452 1144 sub
484 1081 622 1164 imagine
653 1086 753 1145 terras
785 1081 1012 1162 hominumque
1044 1079 1169 1144 labores
1204 1079 1362 1162 perspicit.
1418 1077 1522 1154 Quod.

394 1209 576 1287 corruptum
607 1205 722 1283 reficit,
754 1204 858 1268 sontes
886 1209 917 1269 et
943 1203 1075 1267 fiumina
1101 1204 1252 1282 restituit,
1285 1205 1340 1267 dat
1366 1203 1524 1287 gramina.

393 1335 508 1407 terrae,
536 1329 702 1393 arboribus
730 1328 857 1393 frondes
885 1328 1049 1412 laesasque
1076 1329 1172 1392 silvas
1199 1328 1386 1392 revirescere
1414 1328 1515 1391 iubet.

482 1454 542 1517 Dei
565 1454 631 1518 fato
655 1454 789 1518 subiecti
812 1459 894 1518 sunt.
940 1453 1060 1537 Apollo
1083 1453 1190 1537 magni
1213 1453 1299 1516 iussa
1321 1452 1420 1530 lovis,
1443 1453 1524 1516 fata.

394 1577 539 1642 Chironis
567 1578 650 1641 filiae
678 1577 856 1662 Ocyrrhoes
888 1578 1063 1642 rescindere
1094 1598 1156 1640 non
1184 1580 1296 1659 potest.
1346 1577 1428 1655 soli,
1456 1580 1512 1660 qui

393 1703 603 1767 Leucotheam
631 1703 664 1766 in
687 1703 786 1767 vitam
801 1724 961 1787 revocare
983 1702 1067 1779 vult,
1093 1702 1195 1765 fatum
1223 1701 1337 1766 obstat.
1383 1701 1522 1766 Proser--

393 1816 500 1911 pinam
516 1812 607 1891 Ceres
631 1850 669 1891 ex
684 1832 804 1893 tartaro
822 1828 952 1891 educere
967 1849 1030 1891 uon
1045 1831 1163 1909 potest;
1187 1825 1329 1890 Cererem
1346 1831 1377 1890 et
1392 1826 1521 1890 Famen.

393 1952 476 2017 coire
499 1953 567 2018 fata
590 1976 654 2018 non
677 1954 794 2017 sinunt.
839 1952 1043 2036 Nequiquam
1059 1952 1167 2017 Venus
1190 1958 1321 2018 cunctos
1343 1953 1418 2016 deos
1442 1957 1524 2015 orat.

393 2081 488 2160 atque
511 2079 664 2155 obsecrat,
687 2082 723 2141 ut
733 2078 865 2141 ¹Aeneae
879 2078 980 2141 fatum
996 2079 1167 2141 retardent:
1190 2100 1282 2141 uerno
1298 2076 1365 2141 fata
1379 2081 1514 2140 ventura

393 2202 517 2265 vincere
539 2205 653 2284 potest.
684 2201 831 2284 Juppiter
854 2224 935 2265 unus
959 2206 1007 2265 est
1025 2202 1063 2265 ad
1080 2224 1174 2285 quem
1190 2224 1299 2265 omnes
1315 2200 1512 2285 confugiunt.

394 2326 472 2390 Cum
496 2326 703 2391 Phaethontis
727 2349 835 2391 currus
860 2328 968 2391 orbem
991 2332 1146 2391 terrarum
1173 2327 1412 2403 inflammasset,
1440 2348 1523 2389 cum.

394 2456 498 2515 aestus
521 2451 661 2515 fervidus
685 2451 798 2528 fontes,
822 2474 929 2516 amnes
953 2452 1140 2516 exciccasset
1159 2453 1318 2535 silvasque
1334 2452 1524 2529 exussisset‚.

394 2574 503 2638 Tellus
531 2576 671 2639 horroris
699 2576 794 2659 plena
817 2599 835 2639 a
859 2576 939 2640 Jo've
962 2578 1056 2659 petit,
1083 2580 1119 2640 ut
1142 2578 1294 2641 mundum
1318 2577 1357 2641 ab
1381 2576 1523 2641 interitut

394 2704 505 2763 servet.
538 2699 599 2776 Qui
622 2722 714 2782 opem
737 2701 808 2779 fert,
831 2701 1062 2765 Phaethontem
1086 2702 1124 2765 de
1144 2722 1238 2765 curru
1254 2702 1347 2766 deicit
1362 2706 1393 2765 et
1409 2702 1521 2765 fatum·

393 2824 548 2905 prohibet.

483 2948 630 3033 Juppiter
659 2949 712 3013 dat
741 2948 923 3013 hominibus
941 2941 978 3013 vet
1007 2950 1072 3014 deis
1100 2950 1187 3034 leges
1209 2950 1243 3013 11
1267 2950 1386 3014 tabulis
1408 2950 1525 3013 aeneis-

393 3074 560 3157 inscriptas
584 3096 753 3158 earumque
776 3074 922 3138 custodes
943 3073 1058 3139 Parcas
1080 3076 1238 3160 imposuit.
1277 3076 1365 3153 Quae
1389 3076 1516 3139 decreta

284 3214 285 3218 ’
394 3198 618 3282 insuperabilia
642 3204 714 3263 sunt
739 3221 881 3282 quaeque
905 3200 1067 3265 continent
1089 3200 1206 3264 nemini
1230 3200 1284 3263 uni
1308 3223 1346 3264 ex
1366 3200 1525 3264 omnibus-

236 3352 244 3365 ·
308 3416 311 3423 ,
394 3322 581 3387 mortalibus
606 3328 637 3387 et
661 3324 725 3387 deis
748 3328 823 3389 nota
847 3328 930 3389 sunt.
976 3323 1124 3407 Juppiter
1149 3325 1284 3418 qnihas
1308 3325 1394 3408 leges
1418 3324 1514 3399 dedit,

394 3468 501 3511 earum
534 3450 620 3511 tutor
644 3453 692 3512 est
715 3448 893 3513 acerrimus.
948 3448 1063 3512 Ferrea
1096 3453 1169 3513 sunt
1200 3450 1290 3532 genti
1323 3448 1449 3513 mortali
1482 3452 1528 3511 11.

394 3573 581 3637 caelestibus
606 3575 729 3638 decreta
753 3574 863 3659 Magni
887 3574 1040 3639 Tonantis
1064 3580 1096 3640 et
1119 3598 1189 3640 curn
1207 3576 1414 3659 Aesculapius
1437 3575 1522 3639 fatis

394 3698 501 3761 invitis
517 3696 684 3781 Hippolito
709 3698 805 3762 vitam
829 3700 1023 3779 reddidisset,
1048 3701 1247 3783 omnipotens
1268 3700 1401 3765 fulmine
1417 3701 1525 3763 misso·

395 3843 465 3884 eum
490 3821 651 3906 perfregit.
