3400 5467
807 701 1029 759 -28-

464 874 498 938 F.
514 873 553 941 ll.
570 881 648 938 489:
671 872 692 938 J
695 874 819 957 uppiter
841 878 1009 952 annueram
1031 877 1112 938 nutu
1127 872 1330 938 tremefactus
1345 877 1478 957 uterque

669 1005 716 1065 est
738 1000 832 1084 polus
856 1004 888 1065 et
910 999 990 1064 caeli
1012 1000 1153 1083 pondere
1174 999 1273 1064 sensit
1296 998 1397 1064 Atlas.

463 1126 539 1191 Met.
555 1124 610 1191 lll.
627 1134 660 1190 6:
685 1178 691 1191 .
717 1177 723 1190 .
748 1178 754 1191 .
779 1176 785 1190 .
809 1125 881 1209 quis
904 1124 988 1189 enim
1011 1125 1202 1207 deprendere
1224 1124 1327 1208 possit

680 1249 766 1315 furtu
788 1248 900 1317 Jovis?

463 1377 537 1442 Met.
553 1376 592 1442 ΙΙ.
610 1382 687 1441 437:
712 1427 718 1440 .
742 1423 751 1440 .
774 1423 781 1439 .
806 1426 813 1439 .
837 1375 892 1440 sed
915 1397 996 1459 quae
1019 1396 1167 1458 superare
1189 1375 1298 1460 puelle

712 1501 822 1585 quisve
844 1499 959 1565 Jovem
982 1504 1108 1584 poterat
1130 1503 1301 1583 superum?

357 1625 475 1708 Apollo
498 1626 536 1690 de
558 1625 639 1691 Jove
664 1625 739 1690 Met.
755 1624 795 1689 ll.
813 1631 851 1689 67
858 1630 890 1689 7:
914 1675 920 1689 .
938 1677 945 1690 .
962 1678 968 1691 .
986 1674 992 1689 .
1015 1647 1090 1690 nam
1104 1647 1162 1690 nec
1177 1626 1354 1691 rescindere
1369 1626 1478 1711 magni

911 1750 998 1815 iussa
1019 1748 1111 1815 Jovis
1133 1755 1268 1834 poteras.
1687 1749 1688 1844 l

356 1875 413 1941 sol
436 1877 474 1941 de
496 1875 577 1941 Jove
600 1877 675 1943 Met.
690 1876 729 1943 ΙΙ.
747 1884 802 1943 62:
827 1928 906 1942 ....
930 1882 961 1941 et
984 1876 1061 1961 quid
1075 1875 1156 1942 Jove
1179 1877 1280 1942 maius
1300 1877 1478 1943 habemus?

356 2000 501 2085 Orpheus
517 2002 555 2067 de
569 2001 650 2067 Jove
665 2001 741 2067 Met.
757 2002 794 2067 X.
813 2008 890 2067 148:
915 2055 921 2067 .
938 2050 946 2065 .
964 2053 970 2066 .
986 2054 994 2067 .
1014 2002 1130 2067 cedunt
1144 2001 1233 2067 Jovis
1249 2002 1355 2066 omnia
1369 2023 1478 2088 regno.
1680 1871 1687 2202 1

462 2126 497 2193 F.
512 2125 551 2192 V.
570 2132 646 2191 125:
669 2127 787 2191 invicto
810 2127 857 2191 nil
879 2126 961 2192 Jove
983 2117 1184 2192 maius'erst.

355 2377 504 2463 Juppiter
528 2378 622 2442 dese
644 2377 713 2461 ipso
737 2378 811 2442 Met.
827 2377 850 2443 l.
869 2383 947 2443 197:
971 2431 978 2444 .
1002 2429 1010 2443 .
1033 2429 1040 2442 .
1064 2427 1072 2443 .
1094 2376 1173 2442 mihi
1196 2378 1250 2462 qui
1268 2376 1397 2454 fulmen,
1421 2376 1477 2461 qui

970 2526 1027 2568 vos
1049 2504 1153 2568 habeo
1176 2524 1326 2588 regeque.

462 2252 497 2315 F.
512 2250 551 2316 Il.
569 2258 624 2317 38:
647 2252 716 2317 iure
740 2274 841 2335 capax
865 2254 1000 2317 mundus
1023 2254 1069 2317 nil
1091 2251 1173 2318 Jove
1195 2252 1297 2318 maius
1321 2252 1427 2319 habet.
1678 2245 1685 2630 1

474 2633 549 2692 595:
574 2678 580 2691 .
605 2678 612 2692 .
636 2612 645 2693 .’
667 2677 675 2692 .
698 2628 753 2712 qui
776 2627 923 2694 caelestia
945 2649 1062 2713 magne
1681 2636 1685 2663 ¹

574 2757 699 2837 sceptra
723 2775 818 2818 manu
841 2759 933 2839 teneo
958 2753 1012 2817 sed
1034 2754 1090 2836 qui
1112 2774 1194 2838 vaga
1216 2752 1351 2817 fulmina
1374 2752 1476 2819 mitto.
1680 2676 1685 2792 l

573 2877 660 2943 Idem
684 2878 718 2944 F.
734 2877 788 2943 IV.
807 2884 880 2943 594.

463 3002 496 3067 F.
512 3002 569 3067 Ill.
587 3008 663 3067 369:
687 3008 736 3067 ter
751 3003 858 3067 tonuit
873 3002 940 3066 sine
954 3002 1039 3065 nube
1055 3002 1141 3085 deus,
1158 3002 1221 3067 tric
1235 3003 1366 3089 fulgura
1381 3002 1477 3067 misit.

586 3133 663 3192 371:
687 3132 719 3191 et
742 3127 844 3192 medie
868 3126 989 3191 caelum
1012 3127 1142 3211 regione
1166 3128 1325 3192 dehiscere
1348 3128 1460 3211 coepit.
1515 3095 1520 3106 ¹

586 3259 663 3317 373:
687 3252 768 3317 Ecce
791 3252 855 3317 levi
878 3257 1001 3317 scutum
1024 3274 1185 3317 versorum
1208 3253 1322 3317 leniter
1345 3275 1422 3317 aurs

688 3378 811 3443 decidit.

444 3502 562 3568 Rector
584 3503 735 3581 universi,
763 3525 819 3567 rex
842 3503 1068 3586 hominumque
1092 3504 1248 3587 deumque
1270 3524 1333 3566 non
1356 3501 1476 3585 petitur

355 3627 430 3693 Met.
446 3625 484 3690 II.
502 3633 565 3692 304
593 3626 804 3695 Phaetontem
838 3628 871 3691 in
898 3628 997 3711 petris
1026 3648 1119 3692 curru
1146 3633 1264 3691 terram
1292 3633 1324 3692 et
1351 3627 1474 3692 caelum

355 3753 546 3818 comburere.
578 3751 712 3817 Fulmen
735 3754 857 3836 potenti
878 3754 989 3819 dextro
1010 3754 1043 3818 in
1067 3754 1210 3840 aurigam
1225 3753 1325 3819 mittit
1339 3774 1477 3837 eumque

355 3878 392 3942 de
425 3879 503 3942 rotis
535 3878 568 3941 in
600 3882 717 3942 terram
750 3878 854 3943 deicit.
905 3877 976 3955 Quo
1003 3878 1087 3944 facto
1115 3878 1250 3964 vigilans
1279 3883 1311 3944 et
1338 3878 1473 3963 diligens

355 4006 479 4067 curator
507 4024 612 4066 rerum
639 3999 781 4086 ingentia
808 4003 934 4071 moenis
962 4004 1039 4068 caeli
1067 4003 1222 4068 circumiit
1254 4009 1298 4083 et,
1324 4025 1365 4067 ne
1397 4002 1473 4086 quid

354 4128 473 4192 viribus
511 4127 593 4211 ignis
631 4127 824 4193 labefactum
863 4134 983 4206 cernet,
1027 4130 1184 4211 explorat,
1224 4127 1336 4192 deinde
1372 4133 1474 4193 terras

353 4253 580 4335 hominumque
622 4252 748 4317 labores
792 4254 951 4337 perspicit.
1012 4252 1102 4330 Quod
1141 4256 1325 4336 corruptum
1364 4252 1475 4332 reficit,

352 4379 399 4443 ita
430 4379 463 4441 in
491 4376 627 4443 Arcadia
658 4379 763 4443 fontes
792 4385 824 4444 et
850 4378 982 4443 flumina
1013 4378 1165 4455 restituit,
1196 4383 1299 4443 terroe
1331 4379 1475 4461 gramine

354 4504 421 4581 det,
460 4505 627 4569 arboribus
664 4504 792 4571 frondes
831 4506 996 4590 laesasque
1033 4506 1129 4569 silvas
1167 4506 1355 4570 revirescere
1387 4504 1475 4569 iubet

354 4628 427 4694 Met.
442 4628 481 4693 II.
499 4634 667 4695 401-9.·
724 4682 726 4689 .
835 4666 838 4671 v
909 4664 914 4669 ·
954 4665 958 4671 ·

263 4755 281 4827 t
300 4754 334 4807 17
443 4756 461 4839 §
488 4760 537 4820 17.
570 4756 711 4821 Deorum
735 4732 878 4838 potentis
894 4777 965 4820 cum
980 4755 1071 4823 Jovis
1086 4761 1268 4840 comparata
1283 4756 1363 4821 nihil
1379 4756 1474 4832 valet,
