3400 5467
681 696 905 754 ...11-

230 891 339 933 carens
362 870 395 933 in
419 867 537 932 animal
559 868 682 933 transit.
722 866 793 945 Qua
816 869 855 933 de
878 890 912 932 re
928 873 1053 933 constat
1070 869 1188 933 Veneri
1210 869 1354 934 homines

231 995 417 1079 procreandi
432 998 622 1079 potestatem
638 995 745 1059 datam
761 1016 840 1072 esse;
862 1017 938 1059 num
956 1000 1062 1059 autem
1077 995 1148 1059 aliis
1164 996 1230 1060 deis
1246 994 1354 1059 eadem

231 1122 302 1184 data
319 1121 360 1184 sit
375 1120 510 1185 facultas
523 1120 557 1184 in
571 1120 668 1184 dubio
684 1126 732 1185 est
747 1125 779 1185 et
787 1120 872 1203 apud
882 1119 1030 1185 Ovidium
1046 1142 1203 1203 nusquam
1226 1123 1354 1208 legitur.

320 1246 338 1328 §
364 1252 391 1310 5.
438 1244 587 1309 Facultas
603 1244 759 1309 efficiendi
774 1245 1070 1311 transformationes
1086 1246 1161 1310 data
1176 1247 1271 1312 etiam
1287 1249 1353 1313 Me·
1372 1223 1391 1293 i
1409 1224 1426 1278 5

147 1415 149 1419 ψ
230 1370 328 1433 dusae
353 1369 448 1452 capiti
472 1381 547 1435 erat.

339 1492 415 1559 Met.
430 1493 485 1559 IV.
504 1501 646 1578 655sqq.
670 1495 764 1559 Atlas
787 1495 820 1558 in
843 1498 985 1559 montem
1007 1498 1102 1559 vertit
1141 1545 1148 1559 .

500 1625 560 1684 741
574 1642 643 1703 sqq.
671 1618 767 1683 foliae
800 1625 832 1684 et
864 1620 972 1704 virgae
1005 1620 1064 1684 sub
1097 1642 1234 1704 aequore
1261 1627 1354 1687 natae

533 1811 535 1815 ,
571 1748 661 1809 tactu
684 1745 798 1827 capitis
821 1744 1040 1811 induruerunt.

337 1867 411 1933 Met.
430 1867 466 1932 V.
484 1864 615 1933 1-233
639 1868 756 1935 Pineus
785 1891 857 1932 oum
885 1870 994 1933 amicis
1023 1870 1088 1933 suis
1116 1876 1148 1935 et
1176 1870 1229 1935 CO
1258 1872 1353 1935 comi·

640 1993 727 2057 tibus
750 1994 784 2056 in
807 1997 929 2058 statuas
952 1993 1103 2077 lapideas,

484 2123 615 2181 aas-9
639 2117 844 2201 Polydectem
867 2118 901 2181 in
924 2118 1046 2183 silicem
1069 2123 1218 2184 mutatur.

320 2242 369 2305 De
380 2240 529 2305 Medusae
545 2242 698 2326 sanguine
713 2242 825 2325 pennis
841 2242 941 2327 fugax
951 2241 1094 2327 Pegasus
1110 2243 1240 2327 eiusque
1256 2244 1355 2309 frater

226 2366 295 2430 nati
313 2371 395 2445 sunt,
412 2366 499 2453 (Met.
509 2365 565 2432 IV.
578 2374 707 2433 sss-6
725 2372 756 2432 et
771 2367 806 2433 F.
816 2366 873 2432 ΙΙΙ.
885 2370 963 2453 451)
980 2373 1011 2432 et
1027 2390 1099 2433 oum
1112 2368 1246 2433 Perseus
1261 2392 1355 2454 super

225 2490 363 2575 Lybioas
387 2513 497 2556 arenas
517 2514 588 2556 oum
606 2492 773 2577 Gorgoneo
790 2492 894 2576 capite
908 2493 1060 2575 penderet
1075 2498 1183 2578 guttas
1199 2499 1355 2575 cruentas,

223 2639 308 2701 quae
336 2618 370 2681 in
393 2622 512 2682 terram
535 2617 730 2699 deciderunt,
759 2618 875 2683 humus
899 2619 1021 2702 excepit
1042 2623 1079 2710 et
1102 2619 1134 2682 in
1157 2620 1261 2684 varios
1285 2619 1353 2684 ani·

225 2743 327 2836 mavit
350 2763 479 2827 angues.
530 2744 652 2821 Quibus
676 2744 754 2807 locis
778 2744 913 2807 addendi
926 2749 1006 2809 ¹sunt
1031 2743 1105 2809 Met.
1121 2744 1193 2810 VH.
1211 2750 1353 2823 416-9,

225 2866 287 2933 ubi
315 2890 353 2932 ex
381 2868 514 2951 spumis,
542 2868 657 2951 quibus
681 2867 834 2933 Cerberus
862 2859 973 2933 rabida
999 2870 1048 2932 ira
1076 2869 1216 2934 oonoitus
1239 2869 1354 2933 virides

154 3034 155 3037 =
223 2993 346 3076 sparsit
369 3013 472 3077 agros,
495 2993 654 3058 aconitum
678 2998 783 3058 ortum
806 2998 862 3059 est.

224 3118 339 3182 Etiam
361 3117 459 3183 Terra
481 3118 618 3183 fertilem
642 3120 707 3183 vim
730 3120 835 3184 habet.

337 3242 412 3308 Met.
428 3242 452 3309 I.
472 3250 623 3309 loo-60
648 3267 720 3309 oum
743 3246 890 3329 gigantes
913 3243 1042 3307 Pelione
1066 3247 1098 3308 et
1114 3243 1193 3308 Ossa
1207 3244 1354 3322 iacerent

644 3373 729 3433 terra
751 3369 854 3434 multo
878 3373 1027 3433 natorum
1049 3347 1203 3452 sanguine
1225 3368 1354 3450 perfusa
1389 3370 1394 3378 '

645 3494 847 3558 immaduisse
880 3493 1080 3576 calidumque
1113 3514 1256 3557 eruorem
1285 3493 1352 3557 ani·

575 3668 577 3672 -
645 3640 748 3683 masse
776 3624 808 3683 et
834 3620 867 3682 in
895 3618 1009 3683 faciem
1034 3617 1200 3682 hominum
1222 3618 1352 3683 vertisse

643 3743 752 3808 fertur.

335 3868 410 3933 Met.
426 3868 450 3933 I.
468 3874 544 3933 416:
569 3873 673 3933 cetera
689 3867 821 3933 diversis
837 3868 933 3932 tellus
949 3868 1099 3933 animalia
1114 3867 1226 3931 formis
1240 3872 1353 3950 sponte

507 4024 509 4029 ·
568 4016 625 4059 sua
647 3994 778 4077 peperit,
801 3998 971 4077 postquam
987 3995 1077 4057 vetus
1093 3992 1208 4056 humor
1223 3992 1263 4055 ab
1279 3993 1353 4076 igne

568 4118 724 4203 percaluit
742 4117 828 4195 solis,
852 4139 1047 4200 caenumque
1063 4117 1206 4201 udaeque
1220 4117 1352 4199 paludes

568 4244 744 4308 intumuere
768 4247 867 4321 aestu,
890 4242 1087 4325 fecundaque
1110 4242 1230 4310 semina
1248 4261 1352 4305 rerum

566 4369 669 4433 vivaci
692 4368 812 4432 nutrita
836 4368 914 4450 s010,
942 4389 999 4431 eeu
1023 4366 1133 4431 matris
1155 4366 1188 4429 in
1212 4366 1293 4443 alm,

568 4498 733 4558 creverunt
742 4492 920 4577 faciemque
930 4490 1352 4575 aliquamoeperemorando.

335 4617 409 4683 Met.
426 4617 449 4684 I.
467 4625 545 4683 438:
569 4618 668 4682 edidit
690 4618 872 4683 innumeras
888 4618 1017 4701 species,
1040 4616 1219 4701 partimque
1234 4615 1353 4699 figuras

567 4742 692 4831 rettulit
703 4741 851 4826 antiquas
861 4716 977 4825 partini
988 4762 1070 4805 nova
1079 4740 1351 4804 monstraereavit.
