3400 5467
682 448 903 505 „49-

233 615 414 697 saepissime
439 617 522 679 enim
545 617 703 682 scribitur:
727 618 781 682 sed
804 617 897 701 plura
916 616 1020 682 dicere
1035 618 1103 682 fata
1118 642 1182 683 nou
1197 620 1351 684 sinebant.

232 739 292 804 His
325 740 403 804 adde
431 740 504 805 Met.
521 739 560 804 ll.
578 749 658 819 249,
689 764 752 826 quo
776 742 843 807 Soli
867 743 923 827 qui
950 743 1160 808 Leucotheam
1192 745 1225 807 in
1252 746 1350 808 vitam

231 886 379 929 revocare
410 866 537 931 volebat
568 866 670 930 fatum
702 868 816 932 obstet.
844 868 920 962 Met.
938 868 975 931 V.
993 875 1056 932 534
1085 867 1307 952 Proserpinam
1332 894 1352 934 a
1429 918 1433 924 .

232 988 344 1054 Cerere
367 1011 407 1054 ex
429 996 548 1055 tartaro
572 991 661 1055 educi
683 991 751 1055 fata
775 993 925 1057 vetabant
945 993 1020 1057 Met.
1028 990 1191 1057 villico
1208 993 1351 1059 Cererem

232 1119 265 1179 et
287 1114 416 1179 Famem
440 1116 523 1179 coire
545 1116 612 1180 fate
634 1136 698 1179 non
721 1116 836 1181 sinunt.
875 1117 1043 1181 Praeterea
1065 1117 1100 1181 hi
1122 1118 1183 1182 loci
1206 1124 1280 1183 sunt
1296 1120 1350 1203 qui

231 1238 307 1304 deos
330 1240 397 1303 fato
421 1239 580 1304 subiectos
604 1262 671 1305 esse
694 1242 883 1305 confirmant
905 1247 1000 1325 atque
1023 1243 1243 1325 comprobant:

339 1364 413 1429 Met.
423 1363 492 1428 XV.
505 1371 581 1429 799:
597 1365 672 1430 Non
688 1371 794 1429 tamen
808 1366 939 1431 insidias
947 1370 1141 1450 venturaque
1152 1368 1275 1431 vincere
1284 1368 1351 1432 leta

598 1491 875 1573 praemonitusque
898 1496 1029 1573 potuere
1052 1492 1152 1557 deum.
1214 1542 1218 1549 .

339 1614 413 1679 Met.
428 1613 515 1679 XIII.
533 1621 595 1678 572
625 1613 813 1699 Quanquam
840 1637 949 1680 omnes
977 1617 1027 1680 dei
1054 1616 1204 1681 Hecubae
1232 1622 1350 1681 sortem

625 1745 807 1825 queruntur,
830 1747 937 1805 tamen
960 1762 1052 1805 nemo
1077 1763 1147 1805 eam
1169 1763 1236 1805 rem
1254 1742 1287 1806 in
1302 1742 1349 1805 iu-

624 1869 749 1949 tegrum
772 1867 937 1931 restituere
960 1866 1072 1949 potuit.

338 1991 412 2056 Met.
428 1990 499 2057 XV.
518 1998 579 2056 763
591 2014 659 2076 sqq.
683 1991 792 2056 Venus
816 1996 955 2069 cunctos,
977 1996 1014 2056 ut
1037 1992 1150 2075 cuique
1166 1996 1233 2055 erat
1248 1992 1349 2068 obvia,

591 2117 666 2181 deos
689 2120 760 2181 oret
782 2120 877 2200 atque
897 2118 1042 2181 obsecrat
1057 2122 1093 2181 ut
1109 2118 1234 2180 Aeneae
1249 2117 1348 2181 fatum

591 2243 752 2306 retardent
775 2246 807 2306 et

518 2373 579 2430 807
605 2366 753 2450 Iuppiter
776 2367 815 2431 ad
839 2367 906 2429 eius
929 2388 1037 2449 preces
1060 2368 1223 2449 respondit

606 2542 612 2556 .
637 2546 643 2555 .
669 2544 675 2556 .
699 2542 706 2555 .
729 2493 798 2556 sola
820 2491 1033 2575 insuperabile
1055 2491 1159 2555 fatum

604 2624 680 2682 nata
703 2638 829 2682 movere
851 2621 967 2702 paras?

320 2742 402 2808 Vide
431 2744 525 2807 etiam
551 2765 658 2808 omues
681 2743 781 2821 locos,
805 2764 885 2826 quos
908 2764 1004 2826 supra
1027 2742 1350 2818 commemoravimus,

231 2867 346 2952 quibus
370 2869 420 2931 dei
443 2869 581 2952 deaeque
604 2873 738 2932 mortem
763 2867 996 2931 carissimorum
1021 2888 1150 2930 suorum
1177 2888 1278 2949 neque
1301 2887 1349 2929 re·
1395 2865 1398 2869 ’

120 2993 124 3002 '
230 2992 355 3057 tardare
392 3014 494 3076 neque
530 2991 697 3076 prohibere
730 2994 870 3072 possunt.
930 2989 1052 3065 Quibus
1089 2989 1168 3053 adde
1200 2990 1274 3053 Met.
1294 2988 1349 3053 IX.
1476 3088 1482 3096 ι

232 3123 295 3181 420
306 3140 374 3201 sqq.
398 3138 460 3201 quo
485 3118 534 3181 dei
553 3122 729 3202 queruntur
744 3138 807 3180 non
823 3115 970 3180 omnibus
986 3114 1053 3179 fato
1068 3116 1257 3198 permissum
1273 3135 1348 3194 esse,

231 3248 267 3305 nt
289 3243 402 3306 amatis
426 3242 490 3306 suis
514 3242 709 3306 iuventutem
733 3243 806 3305 dare
829 3242 961 3325 possint.

320 3369 338 3450 Q
363 3375 413 3432 29.
458 3367 533 3431 Iovi
561 3372 665 3430 autem
689 3389 770 3451 quae
793 3368 876 3431 ratio
899 3371 994 3450 atque
1017 3388 1093 3430 usus
1116 3387 1186 3429 cum
1210 3364 1278 3429 fato
1301 3366 1347 3429 iu·
1367 3380 1383 3445 ς
1402 3379 1438 3433 26

230 3492 379 3557 tercedIt‘?

336 3617 410 3681 Met.
427 3617 450 3683 l.
468 3622 529 3681 351
556 3617 729 3681 Deucalion
753 3617 845 3680 uxori
868 3639 943 3681 suae
966 3614 1120 3699 Pyrrhae:
1158 3659 1160 3665 ,

556 3742 638 3819 Quid
660 3744 729 3821 tibi,
752 3743 779 3806 si
802 3743 870 3806 sine
893 3765 943 3806 me
967 3743 1041 3806 fatis
1064 3747 1173 3825 erepta
1195 3741 1317 3819 fuisses,

549 3890 633 3932 nunc
656 3869 760 3945 animi,
783 3867 969 3943 miseranda,
992 3867 1096 3931 foret?

230 3998 262 4057 et
291 4000 353 4058 866
382 3994 480 4059 addit:
514 3994 558 4058 sic
590 3992 693 4057 visum
721 3992 854 4075 superis,
887 4013 950 4075 quo
980 3990 1153 4055 Deucalion
1181 3990 1200 4053 a
1227 3990 1348 4072 superis

230 4121 290 4184 sibi
317 4121 384 4185 fata
413 4120 568 4185 destinata
596 4142 662 4183 esse
691 4118 841 4184 concedit.
889 4117 1064 4181 Deucalion
1092 4116 1220 4199 quidem
1247 4115 1348 4179 nescit

32 4284 33 4291 κ
146 4231 148 4234 ’
230 4246 280 4309 cui
303 4268 490 4330 superorum
512 4246 702 4309 incolumem
726 4267 759 4308 se
782 4248 814 4308 et
836 4245 958 4308 salvum
982 4264 1049 4306 esse
1073 4242 1185 4306 debeat
1208 4242 1261 4305 sed
1283 4248 1346 4305 250

230 4372 383 4455 scriptum
411 4395 468 4436 nos
492 4372 632 4436 videmus
656 4370 767 4435 Jovem
795 4370 862 4433 deis
893 4367 1162 4452 interrogantibus
1194 4366 1349 4451 populum

229 4498 413 4580 promittere
445 4497 525 4559 mira
557 4495 686 4579 orIgine.
737 4493 847 4578 Itaque
870 4516 935 4557 non
962 4493 1083 4576 superis
1108 4498 1186 4568 366,
1212 4490 1267 4554 sed
1294 4491 1348 4554 uni

282 4611 451 4663 Fabricius,
466 4612 501 4650 De
516 4610 560 4650 diis
573 4609 622 4649 fato
635 4610 747 4657 Jovoque.
1207 4598 1224 4649 4
