3400 5467
673 642 895 699 ,53-

220 811 419 875 iuventutem
452 811 558 875 datam
591 834 657 876 esse
688 812 806 896 legitur
838 818 870 876 et
900 813 1029 877 Themis
1061 815 1195 878 similem
1228 820 1344 880 sortem

225 934 425 999 Alcmaeonis
449 935 536 1014 filiis,
559 935 717 999 Acarnani
742 940 773 1000 et
796 935 994 1019 Amphotero
1016 939 1178 1021 praedicit.
1223 938 1345 1015 Quibus

208 1057 316 1122 'dictis
348 1081 490 1123 murmur
522 1060 622 1124 oritur
653 1060 735 1124 inter
768 1061 855 1140 deos,
888 1062 943 1146 qui
975 1062 1176 1126 vehementer
1209 1063 1246 1126 de
1277 1063 1344 1127 fato

213 1184 457 1248 carissimorum
490 1206 617 1247 suorum
650 1190 824 1268 queruntur
852 1189 884 1249 et
911 1186 976 1272 suis
1003 1207 1129 1269 quoque
1157 1188 1270 1251 amatis
1297 1188 1354 1250 iu··

216 1312 386 1372 *ventutem
418 1312 560 1391 poscunt.
605 1310 731 1373 Aurora
759 1308 899 1375 Tithono
932 1310 1073 1394 coniugi,
1106 1310 1345 1391 lleresJasoni,

217 1433 388 1499 'Vulcanus
412 1434 642 1513 Erechtheum,
669 1433 777 1499 Venus
801 1433 969 1512 Anchisae.
1015 1436 1076 1501 His
1103 1436 1262 1521 luppiter:
1294 1404 1346 1531 me

214 1580 367 1642 ·qucque,
402 1559 519 1643 inquit,
551 1559 621 1637 fata¹
654 1565 783 1644 regunt,
820 1581 901 1644 quae
933 1562 960 1636 si
997 1566 1120 1634 mutare
1148 1562 1286 1626 valerem
1313 1567 1347 1634 ets

213 1684 349 1748 Aeacus
382 1687 414 1747 et
440 1683 699 1749 Rhadamanthus
728 1689 760 1747 et
787 1684 892 1749 Minos
918 1690 1107 1768 perpetuum
1139 1686 1207 1749 aevi
1233 1686 1345 1753 florem

217 1809 386 1873 haberent
433 1808 494 1873 Hic
517 1807 607 1872 Jovis
635 1810 796 1894 sapientia
818 1831 882 1873 non
909 1809 1015 1874 minus
1042 1832 1138 1893 quam
1164 1810 1286 1874 iustitia
1314 1814 1347 1874 at

214 1934 394 1997 necessitas
417 1932 589 2017 postulant,
612 1939 648 1997 ut
671 1956 779 1999 omnes
802 1935 885 1999 inter
907 1957 940 1999 se
960 1957 1051 2020 pares
1066 1935 1133 1998 sint
1146 1956 1248 2017 neque
1263 1958 1345 1999 unus
1457 2011 1464 2022 s

214 2059 318 2122 alteri
350 2064 496 2142 praestat.
548 2059 621 2124 Uno
655 2059 750 2123 verbo
783 2060 821 2123 de
853 2080 983 2123 suorum
1014 2059 1153 2123 filiorum
1186 2064 1345 2125 senectute

214 2185 300 2247 deos
315 2183 335 2247 J
339 2172 466 2268 uppiter
486 2184 600 2267 placat.
632 2184 749 2249 Rector
764 2182 895 2268 Olympi
918 2186 1001 2249 iuste
1016 2185 1203 2250 caelestibus
1218 2191 1346 2268 regnat3

224 2311 293 2391 ipse
326 2308 527 2392 omnipotens
560 2310 719 2374 subiectus
752 2314 799 2373 est
833 2310 986 2374 iustitiae:
1019 2331 1090 2373 eum
1122 2309 1189 2374 fata
1221 2316 1344 2394 regunt.

215 2433 321 2497 ·Cuius
349 2456 437 2497 meae
454 2434 633 2499 'sententiae
656 2435 745 2499 testis
770 2439 817 2497 est
840 2435 998 2518 fidemque
1020 2434 1097 2499 facit
1120 2433 1216 2526 etiam
1239 2434 1273 2502 F.
1290 2433 1343 2499 VI.

218 2565 402 2623 ’746-762
427 2580 490 2642 quo
513 2559 720 2641 Aesculapius
744 2558 919 2642 Hyppolito
945 2559 1022 2631 fatis
1050 2558 1169 2638 invitis,
1197 2560 1345 2624 adversus

226 2682 395 2747 Parcarum
419 2684 615 2747 voluntatem
639 2684 737 2747 vitam
768 2683 911 2748 reddidit.
955 2682 1034 2746 Cum
1057 2684 1151 2747 Pluto
1175 2686 1207 2747 et
1230 2682 1346 2750 Clotho

224 2808 316 2893 regni
340 2808 389 2872 sui
407 2809 480 2881 iura
503 2808 627 2872 minora
655 2808 723 2871 fieri
746 2831 817 2873 cum
840 2808 922 2872 Jove
946 2807 1207 2890 quererentur‚is
1229 2808 1262 2869 iu
1286 2806 1344 2871 Go-

222 2932 311 2995 ronis
334 2933 434 2995 filium
458 2933 592 2997 fulmina
617 2933 743 3011 direxit,
768 2932 947 3017 exemplum
971 2933 1097 2997 veritus.
1136 2929 1250 3002 Paullo
1274 2936 1347 3015 post

227 3056 386 3139 Apollinis
414 3058 560 3139 precihus
589 3058 795 3123 nihilominus
822 3056 1050 3140 Aesculapium
1077 3057 1111 3119 in
1133 3056 1263 3119 deorum
1287 3070 1344 3119 nu2

218 3202 346 3245 merum
370 3183 489 3265 recipit.
536 3181 605 3258 Qua
629 3204 723 3246 exre
747 3181 896 3266 cognosci
918 3185 1033 3265 potest.

334 3305 368 3370 1⁰
391 3307 411 3371 J
414 3329 503 3371 ovem
526 3306 736 3371 iustissimum
759 3306 825 3389 pati
841 3327 905 3369 uon
921 3321 1014 3390 posse
1031 3305 1203 3369 Parcarum
1220 3305 1345 3369 decreta

392 3455 410 3495 a
433 3454 621 3515 quocunque
644 3424 777 3497 rescindi
802 3430 1037 3517 [Aesculapium
1060 3452 1117 3494 nec
1137 3429 1171 3517 t].

334 3555 369 3621 2⁰
392 3558 467 3623 dcvi
491 3562 680 3641 potestatem
705 3578 772 3621 esse
795 3557 966 3619 maximam
990 3562 1021 3619 et
1044 3577 1115 3619 curn
1132 3556 1262 3619 Plutoni
1277 3559 1345 3619 tum

392 3681 500 3747 Parcis
524 3682 717 3765 superiorem
743 3702 809 3745 esse
833 3679 971 3767 [dicum
995 3701 1031 3743 eo
1056 3678 1251 3767 queruntur}

331 3805 370 3871 3⁰
392 3806 505 3871 Jovem
537 3830 636 3874 unum
668 3807 841 3871 Parcarum
879 3804 983 3869 ferrea
1014 3806 1139 3873 decreta
1171 3805 1346 3869 rescindere

390 3954 492 4015 posse,
516 3932 608 3995 deum
632 3932 788 4013 optimum
811 3951 879 3993 esse
901 3928 1074 4017 maximum
1095 3934 1190 4018 atque
1210 3928 1349 4011 amplius¹

268 4086 270 4091 ¹
392 4056 508 4121 Parcas
531 4060 688 4138 potestate
711 4056 893 4123 antecedere
914 4052 1151 4139 [Aesculapium
1166 4054 1200 4115 in
1216 4053 1345 4117 deorum

392 4205 556 4246 numerum
580 4182 711 4264 recipitl.

706 4488 865 4496 a———u--
