3400 5467
818 654 1041 712 ..48-

319 834 320 838 ’
369 820 471 907 Atqui
497 824 648 889 mortales
676 822 777 889 fatum
806 847 898 891 suum
925 826 1081 908 proferre,
1107 827 1280 908 producere
1302 830 1434 911 possunt
1458 832 1492 891 et

369 951 537 1013 maturare.

475 1071 550 1135 Met.
560 1070 599 1137 X.
611 1078 665 1137 30:
689 1071 751 1137 Per
767 1072 871 1137 Chaos
891 1073 952 1137 hoc
968 1072 1080 1158 ingens
1095 1075 1241 1158 vastique
1257 1074 1384 1140 silentia
1397 1076 1490 1161 regni

688 1198 871 1281 Eurydices,
895 1219 959 1282 oro,
983 1204 1154 1282 properata
1170 1200 1303 1265 retexite
1325 1201 1401 1265 fata

459 1319 528 1396 Qua
550 1343 585 1384 re
608 1322 863 1403 confundendum
883 1344 946 1387 non
962 1328 1011 1389 est
1026 1323 1102 1390 Met
1109 1323 1182 1391 XV.
1195 1331 1333 1410 581sqq.
1351 1325 1489 1410 Tyrrhe·

368 1465 427 1508 nae
450 1446 554 1529 gentis
577 1446 735 1529 haruspex
758 1469 830 1511 cum
846 1448 917 1531 Cipi
931 1469 1048 1513 cornua
1062 1454 1238 1533 aspexerat,
1261 1472 1325 1527 rex,
1348 1450 1402 1533 ait,
1418 1450 1491 1533 eris,

368 1589 479 1650 rumpe
507 1588 624 1647 moras,
650 1548 759 1652 portas
775 1575 931 1654 patentes
959 1572 1051 1637 iutra.
1096 1572 1149 1637 Sic
1176 1572 1243 1638 fata
1265 1571 1384 1639 iubent.
1431 1561 1489 1639 dui

369 1692 464 1778 Cipus
487 1694 662 1777 respondit:

582 1818 672 1883 Talia
696 1819 858 1903 dipellant.
881 1822 1047 1905 multoque
1070 1842 1130 1905 ego
1152 1822 1265 1887 iustius
1288 1844 1400 1887 aevum

581 1945 655 2009 exul
679 1966 780 2030 agam,
804 1968 900 2029 quam
922 1969 974 2010 mc
997 1947 1125 2013 videant
1147 1946 1306 2033 Capitolia
1328 1969 1443 2033 regem.

458 2067 581 2144 Quibus
615 2069 706 2134 dictis
738 2070 881 2153 privatus
913 2094 1014 2156 usque
1046 2072 1085 2135 ad
1116 2077 1253 2137 mortem
1285 2076 1375 2137 extra
1403 2073 1490 2137 urbis

368 2192 492 2257 moenia
520 2194 618 2258 vitam
646 2195 721 2279 agit.
767 2195 837 2272 Quo
867 2196 937 2261 loco
962 2196 1057 2279 Cipus
1085 2197 1152 2261 fata
1179 2197 1292 2275 flectit,
1320 2199 1405 2283 quod
1430 2198 1490 2262 fati

368 2319 581 2383 condiciones:
614 2320 647 2385 in
674 2318 786 2385 urbem
811 2320 942 2385 introire
964 2335 1034 2386 non·
1055 2321 1178 2406 implet,
1202 2323 1310 2387 eadem
1335 2322 1372 2387 de
1396 2344 1491 2387 eausa
1524 2403 1526 2405 q

367 2442 425 2509 fati
449 2450 549 2510 sortes
573 2445 656 2509 effici
679 2466 744 2509 non
767 2450 908 2529 possunt.

456 2569 531 2633 Met.
541 2569 579 2633 X.
592 2576 654 2634 163
678 2567 799 2653 legitur
812 2569 1030 2654 Hyacinthum
1053 2572 1093 2635 ab
1109 2570 1268 2655 Apolline,
1291 2572 1318 2636 si
1334 2571 1363 2635 ei
1385 2571 1491 2636 tristia

367 2694 434 2760 fata
456 2694 593 2777 spatium
618 2694 788 2773 dedissent,
810 2696 843 2759 in
868 2696 996 2761 aethera
1019 2697 1158 2780 positum
1180 2696 1220 2760 iri
1242 2702 1274 2761 et
1297 2720 1335 2766 ex
1359 2697 1434 2761 Met.
1449 2696 1490 2761 X.

371 2824 443 2901 724,
467 2840 530 2902 quc
552 2819 623 2883 loco
639 2818 746 2883 Venus
770 2842 840 2884 cum
865 2821 931 2885 fato
956 2822 1107 2904 queritur,
1121 2821 1330 2906 ,intellegitur
1353 2825 1489 2886 mortem

369 2943 496 3028 quidem
513 2944 619 3007 Adoni
642 2945 826 3009 destitutam
850 2967 925 3023 esse,
950 2968 1031 3030 quae
1054 2951 1161 3011 autem
1176 2951 1288 3030 postes
1302 2946 1411 3011 futura
1425 2946 1492 3010 sint

368 3090 463 3151 penes
487 3067 642 3133 Venerem
666 3091 741 3133 esse.

279 3206 349 3277 §28
458 3194 475 3277 ἓ
501 3200 551 3261 28.
597 3194 647 3259 Ex
671 3194 688 3277 ξ
715 3200 742 3257 8.
766 3195 840 3258 deos
865 3195 1001 3279 deasque
1024 3200 1056 3260 et
1078 3200 1167 3260 vates
1185 3196 1309 3259 uenturi
1331 3195 1491 3278 praescios

369 3339 436 3381 esse
460 3317 605 3383 efficitur.
644 3318 706 3383 Hic
730 3319 813 3384 dicat
836 3320 991 3402 quispiam
1015 3320 1157 3383 futurum
1182 3340 1245 3383 non
1269 3320 1400 3383 eandem
1423 3340 1490 3382 rem

369 3463 463 3526 quam
496 3442 597 3506 iatum
631 3442 810 3526 significare
846 3443 930 3508 Illud
967 3444 1058 3526 parvi
1094 3444 1191 3509 refert
1222 3465 1324 3527 neque
1351 3443 1491 3509 refutare

371 3566 499 3630 difficile
522 3570 576 3630 est.
603 3543 704 3630 ¹Sunt
731 3567 814 3631 enim
841 3589 906 3632 non
935 3567 1027 3651 pauci
1050 3568 1126 3646 loci,
1154 3567 1270 3651 quibus
1294 3567 1327 3631 di
1350 3572 1381 3632 et
1404 3571 1490 3631 vates

369 3689 435 3753 fata
463 3694 579 3754 canunt
606 3696 642 3753 ut
670 3691 710 3755 H.
726 3692 809 3757 XXI.
833 3699 895 3755 232
925 3692 999 3756 Met.
1015 3691 1055 3757 11.
1073 3699 1135 3756 639
1165 3691 1199 3756 F.
1216 3690 1270 3757 Vl.
1288 3698 1350 3755 535
1378 3691 1408 3755 J.
1425 3696 1490 3754 246

369 3814 444 3879 Met.
460 3812 529 3879 XV.
548 3820 620 3879 557.
672 3814 742 3891 Qua
775 3817 812 3881 de
845 3839 940 3882 causa
970 3818 1113 3881 futurum
1145 3818 1228 3880 idem
1261 3822 1356 3901 atque
1389 3817 1491 3881 fatum

370 3938 473 4002 valere
496 3904 628 4003 constat.
679 3944 681 3949 ’

348 4137 350 4141 ,
458 4063 495 4127 ln
519 4065 536 4148 ἓ
556 4070 594 4128 11
619 4065 781 4149 potentiae
804 4067 934 4131 deornm
951 4073 1122 4152 vatumque
1139 4067 1267 4131 modum
1284 4069 1379 4149 atque
1395 4067 1490 4130 finem

336 4232 337 4235 =
368 4189 576 4273 imposuimus
601 4212 772 4275 eorumque
796 4190 1020 4257 diuinationem
1043 4193 1073 4255 in
1093 4192 1242 4276 exiguum
1258 4196 1492 4276 angustumque

369 4314 566 4379 deduximus.
596 4313 657 4379 lllo
680 4314 751 4379 loco
775 4316 900 4399 saepius
922 4316 1058 4401 legimus
1083 4316 1156 4379 deos
1173 4316 1228 4398 qui
1250 4315 1283 4378 in
1307 4316 1360 4399 §8
1382 4315 1492 4378 futura

368 4440 602 4523 praedixerant,
636 4440 687 4504 hic
710 4441 836 4504 venturi
863 4440 984 4505 nescios
1012 4462 1087 4505 esse.
1134 4439 1203 4516 Qua
1231 4462 1269 4503 ex
1291 4461 1326 4503 re
1347 4437 1491 4522 intellegi

369 4568 473 4647 potest
497 4564 572 4627 deos
595 4563 676 4627 nihil
698 4564 759 4629 nisi
784 4565 946 4630 minimam
970 4564 1029 4628 fati
1044 4565 1231 4648 venturique
1255 4569 1377 4647 partem
1400 4584 1489 4647 prae-

368 4709 462 4753 nosse
493 4692 589 4771 atque
621 4691 841 4771 praenuntiare
875 4695 906 4754 et
937 4693 1062 4754 tantum
1094 4690 1197 4774 quoad
1229 4689 1329 4754 fatum
1357 4688 1490 4772 patitur;
