3400 5467
572 803 716 875 θη

1652 615 2089 675 -24-

932 795 968 879 ξ
1020 799 1120 859 14.
1212 791 1512 855 nim-talea
1560 791 1624 855 in
1672 791 1929 851 deorum
1977 807 2309 851 numerum
2353 787 2565 851 refert.

972 919 1120 983 Met.
1168 915 1276 983 lx,
1312 923 1436 979 262
1460 939 1596 999 sqq.
1660 915 2029 991 Herculem,
2105 911 2213 995 qui
2285 911 2349 975 in
2417 911 2573 975 Oeta
2645 911 2861 971 monte
2929 931 2993 971 se

1457 1039 1729 1104 flammis
1773 1039 2118 1103 tradiderat
2164 1035 2545 1120 quadriiugo
2593 1055 2782 1099 curru
2826 1031 2993 1097 radi-

1457 1164 1713 1229 antibus
1761 1163 1946 1227 astris
1990 1160 2226 1225 intulit.

968 1292 1116 1358 Met.
1148 1290 1230 1356 ΙΙ.
1266 1296 1388 1355 507
1441 1289 1850 1355 Callistonem
1908 1312 1945 1351 a
1989 1286 2032 1352 J
2036 1308 2242 1351 unone
2298 1308 2447 1350 ursa
2502 1288 2811 1350 mutatam
2868 1305 2995 1347 una

1447 1437 1587 1480 cum
1633 1415 1769 1479 filio
1816 1435 1932 1478 suo
1963 1413 2136 1478 Arca
2180 1412 2355 1477 caelo
2400 1384 2706 1495 imposuit
2754 1408 2987 1474 vicina-

1449 1563 1571 1625 que
1617 1540 1825 1604 sidera
1866 1539 2033 1604 fecit.
2124 1537 2301 1603 Idem
2348 1536 2416 1601 F.
2447 1535 2529 1602 II.
2569 1542 2711 1601 188.

967 1667 1118 1732 Met.
1149 1666 1197 1731 Ι.
1233 1671 1581 1731 583-747
1632 1666 1897 1730 Inonem
1940 1664 2007 1728 in
2052 1664 2203 1727 deas
2249 1662 2491 1747 recipit.

969 1791 1118 1857 Met.
1149 1789 1319 1856 XIV.
1356 1794 1482 1854 816
1504 1811 1640 1874 sqq.
1687 1788 2055 1866 Romulum,
2111 1792 2184 1852 ut
2228 1786 2421 1851 Marti
2465 1784 2873 1869 promiserat,
2930 1786 2996 1849 in

1504 1916 1763 1979 deorum
1838 1930 2167 1978 numerum
2243 1912 2438 1978 refert
2503 1911 2685 1995 eique
2750 1910 2998 1988 Quirini

1503 2061 1731 2104 nomen
1773 2040 1898 2117 dat,
1942 2062 2070 2103 una
2100 2061 2245 2103 cum
2276 2039 2541 2123 coniuge
2570 2037 2848 2102 Hersilia
2879 2037 2996 2101 sub

1378 2212 1399 2240 „
1502 2164 1758 2228 nomine
1797 2162 2028 2227 Horae.
2091 2161 2255 2226 Vide
2302 2163 2493 2227 etiam
2526 2161 2592 2227 F.
2613 2160 2694 2227 II.
2718 2168 2845 2226 483
2860 2184 2995 2245 sqq.

1358 2297 1482 2354 585
1504 2289 1816 2373 promissa
1850 2288 2159 2373 persolvit
2188 2285 2423 2382 Veneri
2464 2293 2530 2352 et
2557 2288 2842 2353 Aeneam
2880 2288 2998 2352 sub

1504 2415 1760 2479 nomine
1833 2413 2087 2498 Indiges
2180 2413 2390 2490 divino
2476 2414 2717 2477 honore
2808 2413 3006 2478 habet

1507 2540 1785 2624 dignum.

974 2664 1043 2731 F.
1077 2664 1151 2731 V.
1188 2671 1312 2729 617
1363 2670 1616 2730 taurum
1663 2664 1849 2729 astris
1895 2663 2136 2746 recipit,
2180 2662 2347 2727 idem

973 2789 1042 2856 F.
1074 2789 1154 2855 II.
1192 2796 1313 2855 117
1367 2790 1680 2873 delphina.

974 2913 1041 2979 F.
1074 2914 1186 2982 III.
1222 2921 1348 2981 808
1398 2915 1679 2990 milvum.

974 3039 1042 3103 F.
1076 3038 1189 3104 VI.
1225 3045 1348 3103 762
1400 3038 1867 3121 Aesculapium.

976 3163 1042 3228 F.
1075 3163 1157 3229 V.
1195 3169 1319 3229 716
1370 3164 1696 3230 Castorem
1744 3169 1807 3230 et
1852 3164 2194 3229 Pollucem.

975 3288 1044 3353 F.
1076 3288 1156 3355 V.
1193 3295 1314 3353 127
1365 3289 1672 3354 nutricem
1721 3293 1785 3353 et
1828 3290 2093 3355 nutricis
2124 3289 2335 3355 fertile
2367 3311 2561 3354 cornu
2592 3290 2797 3354 sidera
2827 3288 2995 3354 fecit.

1367 3412 1700 3500 [capram]
2645 3482 2653 3488 ⁴

937 3538 1083 3603 Huc
1129 3537 1318 3603 etiam
1363 3538 1560 3603 refert
1607 3538 1673 3604 F.
1699 3538 1772 3602 V.
1798 3546 1945 3618 530,
1990 3561 2117 3624 quo
2163 3538 2205 3603 J
2208 3539 2462 3624 uppiter
2509 3561 2649 3604 cum
2681 3538 2993 3603 Mercurio

758 3663 1034 3748 hospitio
1083 3663 1162 3727 ab
1196 3662 1432 3746 Hyrieo
1466 3670 1762 3748 exceptus
1795 3664 1927 3729 eius
1957 3665 2272 3729 voluntati
2303 3664 2614 3729 satisfacit
2646 3687 2722 3729 ex
2754 3685 2993 3748 suaque

761 3793 823 3853 et
867 3788 1169 3853 Mercurii
1215 3787 1397 3852 urina
1444 3788 1743 3855 Orionem
1790 3789 2000 3855 enasci
2043 3789 2238 3854 iubet.

941 3913 1114 3990 Quae
1162 3935 1417 3998 quoque
1461 3914 1735 3981 facultas
1776 3916 2075 3980 mortales
2106 3914 2416 3990 referendi
2446 3915 2513 3979 in
2542 3914 2997 3979 immortalium

625 4065 628 4069 “
758 4062 1089 4105 numerum
1144 4041 1202 4105 ei
1257 4062 1399 4104 cum
1454 4040 1596 4105 aliis
1651 4041 1782 4105 deis
1838 4041 2187 4105 communis
2243 4044 2352 4106 est.
2444 4040 2657 4105 Etiam
2713 4038 2999 4117 Oceanus

760 4188 903 4230 cum
947 4165 1138 4246 Theti
1181 4165 1332 4231 Met.
1361 4165 1534 4232 XIII.
1569 4174 1694 4231 949
1719 4187 1856 4251 sqq.
1904 4172 1968 4232 et
2011 4165 2347 4250 Neptunus
2378 4165 2530 4230 Met.
2564 4164 2671 4231 IV.
2709 4172 2833 4238 5⁷19
2856 4187 2994 4250 sqq.

761 4297 824 4356 et
867 4291 1075 4356 Diana
1118 4291 1273 4356 Met.
1304 4289 1445 4356 XV.
1482 4298 1606 4356 533
1664 4291 2210 4356 immortalitatem
2260 4290 2414 4354 dant
2470 4290 2808 4356 carissimis
2864 4288 2992 4354 suis

759 4438 992 4501 eosque
1039 4417 1106 4481 in
1151 4439 1485 4482 numerum
1533 4418 1811 4495 deorum,
1858 4417 1967 4500 qui
2014 4437 2231 4480 eorum
2272 4415 2507 4480 dicioni
2539 4415 2806 4480 subiecti
2836 4418 2999 4492 sunt,
3072 4489 3077 4494 ⁵

757 4543 1057 4609 referunt.
1127 4541 1302 4607 Idem
1349 4545 1731 4626 potestatem
1778 4563 1921 4606 cum
1952 4540 2298 4624 Appolline
2342 4540 2686 4626 participat
2715 4540 2867 4604 Met.
2886 4538 2997 4604 III.

762 4675 889 4734 310
911 4690 1047 4753 sqq.
1095 4667 1402 4731 infantem
1453 4666 1531 4731 ab
1564 4666 1834 4731 Semeles
1881 4666 2027 4730 alvo
2076 4666 2263 4750 eripit
2310 4688 2577 4750 eumque
2616 4664 2818 4745 Inoni,
2862 4670 3000 4730 tum
