3400 5467
700 426 922 485 ...31-

339 596 473 663 Restant
495 618 619 663 sorores
641 598 728 665 Juno
752 605 784 665 et
807 599 916 680 Geren,
941 599 1032 665 Jovis
1054 601 1214 687 coniugio,
1243 602 1318 668 Met.
1335 602 1374 670 V.

252 729 315 787 565
341 726 373 787 et
394 723 510 787 fratres
533 722 629 788 Pluto
653 724 728 789 Met.
745 721 785 788 V.
802 730 866 789 528
890 730 923 789 et
937 722 1107 809 Neptunus
1129 726 1204 792 Met.
1215 725 1373 793 vllem.

339 847 401 913 Hie
423 870 498 913 sone
522 853 654 933 quaeret
677 850 847 934 quispiam,
875 844 937 915 our'
954 851 1081 935 quidem
1102 840 1373 936 Juppieer'trium

248 993 408 1037 summum
431 973 492 1037 eit?
524 970 586 1037 Gur
608 995 672 1040 non
696 973 800 1053 Pluto,
824 996 880 1039 our
901 996 967 1040 non
989 974 1182 1059 Neptunus?

339 1095 376 1161 Iu
400 1096 533 1163 Hesiodi
556 1098 743 1184 Theogonis
765 1099 919 1184 seriptum
942 1099 1077 1186 legimus
1101 1106 1163 1165 881
1176 1122 1252 1185 sqq:

339 1219 451 1307 Αδτδρ
474 1220 547 1287 ἐπεὶ
568 1224 609 1308 ρα
632 1223 734 1288 πόνον
756 1223 900 1308 μάκαρες
922 1226 996 1288 θεολ
1041 1220 1248 1304 ἐξετέλεσσαν,

342 1348 504 1433 Τιτήνεσσι
527 1347 562 1413 δὲ
584 1349 710 1430 τιμάων
732 1352 878 1434 κρίναντο
900 1354 1002 1435 βίηφι,

339 1471 378 1559 δή
401 1472 440 1560 ῥα
462 1473 528 1538 τότ’
551 1470 689 1559 ὤτρυνον
710 1475 914 1556 βασιλευέμεν
936 1471 990 1560 ἠδὲ
1012 1472 1159 1540 α’νοὶσσειν

339 1602 434 1684 Γαίης
457 1597 716 1684 φραδμοσύνῃσιν
738 1596 914 1680 Ὀλύμπιον
936 1597 1082 1685 εὐρύοπα
1105 1597 1177 1685 Ζῆν’

341 1720 525 1790 ἀθανάτων.

339 1848 377 1915 In
402 1848 506 1915 Ovidii
535 1856 640 1916 autem
669 1852 817 1935 operibus
847 1872 929 1935 quoe
956 1855 1083 1917 exstant
1109 1851 1199 1916 nullo
1226 1852 1297 1915 loeo
1325 1850 1374 1915 in·

250 1976 377 2041 venitur
400 1976 498 2042 Gaiae
521 1976 654 2042 consilio
677 1977 873 2043 immortales
896 1975 1009 2043 Jovem
1032 1976 1219 2061 inOIympo
1243 1998 1377 2061 regnare

251 2104 283 2165 et
306 2101 531 2186 sibimetipsis
554 2102 710 2186 imperare
731 2103 870 2168 iussisse·
916 2102 1029 2168 Altera
1051 2102 1208 2167 sententie
1231 2102 1270 2166 de
1284 2100 1377 2166 Jovis

249 2226 382 2309 imperio
405 2228 563 2312 reperitur
584 2228 619 2292 in
642 2228 775 2294 Homeri
798 2228 898 2294 Iliade
920 2228 990 2293 XV.
1009 2234 1086 2313 189:

339 2350 462 2439 τριχθὰ
485 2352 519 2417 δὲ
542 2354 653 2418 πάντα
675 2352 834 2432 δέδασται,
858 2350 990 2429 ἕκαστος
1012 2349 1042 2416 δ’
1063 2350 1182 2438 ἔμμορε
1207 2351 1313 2439 τιμῆς·

340 2470 359 2562 ἦ
381 2502 432 2543 τοι
455 2476 534 2562 ἐγὼν
556 2476 672 2559 ἔλαχον
693 2476 810 2565 πολιὴν
833 2476 898 2542 ἅλα
921 2482 1048 2560 ναιέμεν
1070 2475 1132 2541 αἰεὶ

339 2604 558 2686 παλλομένων,
580 2600 680 2690 Ἀιδης
702 2601 731 2669 δ’
754 2602 849 2683 ἔλαχε
873 2602 974 2689 ζόφον
996 2600 1154 2688 ἠερόεντα,
1240 2620 1247 2627 ·

339 2728 417 2807 Ζεδς
439 2726 468 2794 δ’
491 2726 580 2809 ἔλαχ’
604 2727 735 2817 οὐρανὸν
758 2726 851 2816 εδρδν
874 2727 907 2793 ἐν
930 2727 1040 2815 αἰθέρι
1061 2730 1115 2792 καὶ
1138 2730 1313 2815 νεφέλῃσιν·

339 2867 415 2938 γαῖα
438 2852 467 2919 δ’
490 2855 538 2919 ἔτι
561 2854 638 2941 ξυνὴ
662 2856 795 2919 πάντων
817 2856 872 2919 καὶ
893 2853 1016 2940 μακρὸς
1033 2851 1210 2936 Ὄλυμπος.

340 2979 377 3045 In
401 2980 510 3045 endem
533 2981 689 3045 sententia
704 2980 800 3045 etiam
815 2978 905 3046 Naso
928 2984 984 3044 est.
1028 2978 1137 3043 Tellus
1161 2977 1199 3042 de
1223 2976 1376 3061 Neptuno
1468 2950 1472 2956 .

250 3104 323 3170 Met.
340 3104 382 3172 Π.
400 3112 477 3171 285:
503 3128 557 3170 our
580 3104 630 3169 illi
653 3106 771 3171 tradite
794 3109 880 3169 sorte
904 3126 1043 3188 aequora
1066 3104 1272 3170 decrescunt?
1294 3102 1374 3185 Jup-

248 3230 331 3312 piter
347 3230 384 3295 de
400 3229 538 3294 Plutone
560 3230 635 3295 Met.
647 3228 685 3295 V.
699 3236 775 3295 529:
798 3250 857 3293 neo
872 3228 955 3293 cedit
969 3227 1030 3291 nisi
1046 3230 1131 3292 sorte
1146 3226 1234 3292 mihi.
1265 3225 1374 3291 Venus

250 3354 288 3418 de
311 3355 421 3419 eodem
445 3355 518 3421 Met.
535 3354 573 3421 V.
591 3361 669 3420 368:
698 3355 749 3419 oui
771 3354 905 3438 triplicis
934 3353 1029 3418 cessit
1050 3352 1179 3417 fortuna
1202 3352 1376 3417 novissima

248 3480 347 3564 regni.
391 3478 541 3565 Juppiter
563 3482 601 3545 de
625 3480 749 3563 seipso

338 3605 372 3671 F.
389 3604 444 3671 lv.
463 3613 539 3670 599:
563 3627 628 3669 non
653 3626 712 3690 ego
737 3604 875 3669 nobilior
892 3604 998 3686 posita
1013 3607 1061 3668 est
1076 3603 1155 3667 mihi
1169 3603 1259 3687 regia
1275 3602 1375 3667 caelo.

570 3731 716 3796 Possidet
738 3730 820 3795 alter
844 3752 950 3814 aquas.
975 3731 1055 3794 alter
1077 3730 1170 3793 inane
1193 3727 1305 3793 Chaos.

338 3857 460 3935 Quibus
484 3878 522 3921 ex
546 3857 624 3921 loois
646 3853 847 3940 intellegitur

357 3980 391 4047 1⁰
423 3982 497 4046 deos
520 3982 558 4047 de
581 3981 715 4065 imperio
740 3981 871 4045 sortitos
895 3984 927 4044 et
949 3978 1101 4062 Neptuno
1125 3946 1273 4062 aequora,
1298 3976 1373 4039 Plu-

422 4108 491 4173 toni
514 4111 680 4191 tartarum,
703 4106 779 4171 Jovi
802 4106 960 4189 reliquum
983 4103 1135 4168 traditum
1159 4123 1236 4166 esse.

356 4233 391 4297 2⁰
423 4256 461 4297 ex
492 4233 567 4299 Met.
589 4232 627 4297 V.
651 4240 714 4297 529
747 4232 823 4297 Jovi
856 4236 888 4296 et
919 4230 1105 4314 Neptunum
1138 4231 1170 4292 et
1201 4224 1371 4290 Plutonem

422 4360 537 4424 cedere.
560 4358 580 4424 i.
605 4381 629 4423 e.
654 4360 720 4424 eius
742 4358 875 4442 imperio
899 4356 1058 4421 subiectos
1081 4376 1157 4419 esse.

335 4485 484 4570 Juppiter
498 4508 552 4550 rex
566 4485 706 4552 omnium
720 4485 948 4568 hominumque
958 4484 1112 4565 deumque
1126 4480 1230 4545 factus
1240 4498 1371 4543 uxorem
