3400 5467
706 666 929 724 ..15-

185 801 192 808 »
255 838 358 902 Diana
381 838 455 917 Met.
471 837 509 903 V.
528 844 656 902 cao-1
683 836 772 902 inicit
795 859 890 921 super
912 837 1106 903 Arethusam
1129 838 1288 903 nebulam.

382 979 457 1043 Met.
473 978 544 1043 XII.
562 986 602 1043 32
627 979 728 1044 oculis
751 980 868 1044 nubem
891 980 990 1044 obicit
1013 983 1044 1044 et
1058 978 1259 1064 Iphigeniam
1274 983 1379 1043 mutat

629 1105 794 1189 supposita
817 1127 918 1169 cerva

381 1249 456 1313 Met.
472 1247 543 1313 XV.
561 1254 624 1313 537
650 1247 787 1333 Cynthia
810 1250 923 1312 densas
938 1248 1054 1313 obiecit
1069 1249 1178 1329 nubes,
1200 1254 1238 1313 ut
1252 1248 1378 1332 Hippo·

650 1373 754 1457 lytum
776 1378 923 1439 servaret.

254 1516 372 1603 Apollo
396 1516 552 1585 MetXJl.
565 1522 628 1581 598
645 1517 767 1582 velatus
783 1517 901 1582 nebula
916 1518 947 1580 in
965 1538 1078 1601 agmen
1095 1516 1237 1599 pervenit
1246 1516 1376 1581 Troum

255 1655 343 1725 Circe
366 1660 443 1725 Met.
459 1658 546 1723 XIV.
564 1666 627 1724 369
652 1634 764 1724 Picuni
788 1660 904 1724 nebula
928 1660 1012 1724 velat
1034 1662 1079 1724 ita
1101 1664 1137 1724 ut
1159 1660 1226 1724 eius
1246 1659 1377 1725 comites

650 1784 750 1848 caecis
760 1784 916 1849 limitibus
926 1789 1081 1869 vagentur
1090 1806 1224 1868 eumque
1235 1784 1377 1849 invenire

650 1931 715 1973 non
737 1910 868 1994 possint

169 2074 172 2079 ’
253 2054 338 2118 luno
362 2052 438 2147 Met.
454 2052 509 2118 ΙΙΙ.
528 2059 673 2117 273-4:
800 2052 951 2136 fulvaque
975 2053 1135 2117 recondita
1157 2052 1241 2116 nube

696 2176 793 2241 limen
817 2175 885 2240 adit
907 2175 1056 2241 Semeles.

365 2320 439 2385 Met.
454 2320 478 2385 Ι.
496 2326 559 2385 609
584 2341 648 2405 quo
676 2319 836 2404 Juppiter,
864 2326 902 2383 ut
928 2320 1009 2384 liber
1041 2320 1081 2383 ab
1113 2320 1240 2383 arbitris
1266 2318 1377 2384 Inachi

582 2444 680 2509 filiam
718 2445 940 2527 amplectatur,
977 2443 1010 2508 se
1042 2443 1219 2527 Jonemque
1251 2444 1376 2508 nebulis

584 2569 678 2648 velat,
702 2567 781 2633 luno
804 2569 863 2632 has
886 2568 1019 2633 nebulas
1041 2568 1186 2633 recedere
1208 2567 1307 2634 iubet.
1420 2612 1422 2616 .

254 2711 361 2777 Venus
385 2712 459 2777 Met.
469 2711 540 2777 XV.
552 2717 682 2776 804-6
705 2711 870 2775 Caesarem
885 2711 1026 2776 aetheria
1041 2711 1176 2775 condere
1191 2712 1275 2775 nube
1298 2710 1376 2789 vult,

705 2858 769 2919 qua
791 2836 878 2919 prius
894 2835 986 2900 Paris
1005 2835 1122 2901 infesto
1138 2835 1271 2901 Atridae
1287 2856 1376 2918 erep-

704 2965 756 3025 tus
779 2966 827 3026 est
851 2967 883 3025 et
906 2961 1030 3026 Aeneas
1052 2961 1216 3026 Diomedis
1240 2961 1316 3028 ensi.

251 3104 395 3189 nepueu
418 3063 452 3167 s'.
469 3102 524 3168 m
543 3110 605 3167 aaa
631 3103 748 3168 neuen
767 3110 799 3168 u
814 3104 967 3168 enum
990 3104 1068 3168 nubi
1091 3104 1240 3182 consino,
1263 3109 1300 3169 ut
1323 3126 1377 3168 eos

632 3252 650 3291 a
673 3233 775 3292 morte
799 3228 943 3312 eriperet.

251 3372 345 3436 Ceres
373 3370 406 3437 F.
427 3369 482 3435 IV.
505 3377 565 3435 561
602 3370 720 3435 nubem
751 3370 852 3435 trahit
884 3369 980 3453 inque
997 3329 1164 3435 ¹dracones
1196 3372 1312 3435 transit
1345 3375 1376 3435 et

604 3496 724 3580 aligero
747 3495 873 3560 tollitur
896 3518 963 3559 axe.

341 3638 410 3715 Qua
431 3627 589 3723 potestate
612 3640 707 3703 etiam
723 3639 862 3703 venefica
878 3638 1082 3703 celeberrima
1097 3638 1209 3703 Medea
1225 3640 1375 3704 abundat.
1496 3706 1500 3711 ,

357 3779 431 3845 Met.
451 3778 517 3845 Vll.
536 3789 613 3846 424:
638 3781 750 3865 effugit
777 3781 834 3845 illa
857 3802 979 3859 necem,
1006 3781 1131 3845 nebulis
1154 3804 1210 3865 per
1235 3781 1375 3846 carmina

639 3906 741 3970 motis.

247 4046 343 4111 Ultra
367 4046 440 4110 Met.
457 4002 691 4142 XlV.i·542-3
716 4047 807 4111 deum
832 4048 990 4132 genetrix:

461 4177 601 4253 intonuit
625 4190 747 4254 dicente
771 4189 829 4252 dea
851 4188 1069 4272 tonitrumque
1093 4191 1193 4253 secuti

462 4337 533 4379 oum
557 4315 689 4379 saliente
713 4335 826 4399 graves
850 4314 1028 4378 ceciderunt
1050 4315 1203 4399 grandine
1226 4316 1335 4381 nimbi.

363 4456 437 4523 Met.
453 4456 509 4523 ΠΙ.
528 4464 703 4524 cea-700
728 4458 822 4523 Liber
844 4459 977 4524 carceris
1000 4458 1085 4522 fores
1108 4459 1210 4541 aperit
1232 4463 1265 4523 et
1280 4460 1372 4524 nullo

729 4585 871 4668 solvente
902 4589 1031 4649 catenae
1054 4584 1218 4662 labuntur,
1258 4584 1372 4667 quibus

729 4710 911 4793 Tyrrhenus
934 4708 1069 4773 Acoetes
1092 4708 1217 4772 vinctus
1241 4714 1317 4773 erat.
