3400 5467
662 620 883 691 -19—

212 813 377 863 numorum
399 791 545 860 deferret.
576 792 659 861 Vide
682 794 777 865 etiem
800 794 876 862 Met.
893 794 979 869 VIII.
997 803 1071 876 594,
1093 796 1150 863 ubi
1172 795 1333 875 Achelous

210 914 397 1000 Neptunum
423 917 587 1001 implorat,
614 922 651 985 ut
678 920 813 991 amieam
840 920 1019 988 Perimelen
1047 922 1171 989 usaue
1197 921 1334 990 formum

211 1042 264 1111 oet
287 1045 319 1106 et
341 1041 417 1110 Met.
432 1041 518 1111 XIV.
537 1048 614 1123 585,
637 1066 701 1128 quo
724 1044 795 1111 loeo
819 1044 927 1113 Venus
949 1046 1059 1114 multis
1083 1051 1116 1113 et
1138 1046 1333 1131 supplicibus

210 1166 316 1232 verbio
336 1166 452 1235 Jovem
475 1172 545 1236 orat
564 1168 767 1249 utAeueam,
790 1171 846 1256 qui
870 1194 940 1236 eum
963 1193 1059 1238 avum
1081 1172 1199 1251 feeerit,
1222 1194 1333 1256 quamv

209 1291 258 1357 vie
281 1314 425 1376 parvum,
453 1292 507 1359 det
533 1316 650 1361 numen
678 1299 710 1361 et
737 1295 812 1361 Met.
827 1295 913 1363 XIV.
938 1304 1002 1363 806
1030 1297 1088 1364 ubi
1110 1297 1196 1363 Mure
1219 1296 1332 1364 Jovem

103 1470 107 1477 .
208 1418 368 1497 hortatur,
394 1423 432 1483 ut
458 1420 599 1504 praemia
626 1421 783 1506 promissa
805 1422 910 1487 solvet
933 1427 964 1487 et
987 1422 1130 1497 ablutum
1152 1424 1244 1495 terrie
1268 1422 1333 1489 Ro·

209 1543 332 1609 mulum
368 1544 512 1627 imponat
544 1545 631 1614 eaelo
664 1550 696 1611 et
727 1546 802 1614 Met.
821 1546 907 1613 Xlll
932 1554 993 1612 587
1010 1570 1079 1633 sqq.
1112 1570 1176 1633 quo
1208 1548 1334 1616 Aurora

208 1667 323 1733 Jovem
350 1668 501 1754 implorat
533 1674 568 1734 ut
594 1668 662 1735 filio
691 1672 854 1737 Memnoni
880 1673 1035 1758 aliquem,
1066 1673 1185 1739 eoleoia
1213 1654 1333 1752 mortis,

208 1796 362 1859 honorem
379 1796 440 1861 det.
471 1794 544 1865 Huo
560 1796 695 1863 forsitan
710 1798 808 1863 refert
823 1798 899 1863 Met.
909 1797 980 1864 XV.
993 1805 1140 1884 533eqq.
1158 1799 1213 1863 ubi
1227 1797 1333 1863 Diona

207 1918 386 2003 Hyppolito
410 1920 682 1987 immortalitatem
705 1922 760 1989 dat
774 1944 952 2007 nomenque
968 1922 1127 2003 Vibrium‚
1150 1924 1207 2007 qui
1221 1946 1332 1989 nemus

208 2044 287 2111 oolit
310 2049 341 2109 et
363 2066 444 2112 unus
468 2046 506 2109 de
530 2046 589 2111 diis
612 2046 788 2112 minoribus
811 2048 871 2112 sub
894 2048 1024 2113 numine
1048 2048 1192 2115 dominae
1214 2049 1302 2116 latet.

299 2170 420 2247 Quibus
444 2192 481 2235 ex
504 2170 585 2237 locis
607 2171 751 2257 intellegi
770 2173 895 2239 videtur
916 2195 1011 2258 posse
1027 2174 1093 2239 deis
1110 2173 1280 2239 maioribus
1295 2180 1333 2242 ut

108 2352 111 2357 .
207 2295 369 2380 Neptuno,
385 2298 454 2382 regi
469 2300 610 2364 omnium
625 2299 800 2379 numinum,
815 2322 897 2383 quae
913 2321 1013 2383 aquae
1028 2303 1138 2365 tenent
1153 2304 1186 2364 et
1200 2299 1332 2379 Dianae,

208 2448 290 2510 quae
312 2426 346 2491 in
369 2428 457 2494 silvis
481 2434 513 2493 et
535 2428 716 2493 nemoribus
739 2427 883 2510 imperat,
904 2426 988 2490 inest
1010 2430 1152 2510 potestus
1171 2424 1205 2491 in
1221 2447 1330 2489 nume-

207 2576 280 2617 rum
303 2555 433 2618 deorum
459 2554 615 2620 referendi
643 2554 698 2637 qui
725 2574 834 2617 eorum
862 2552 978 2619 dioioni
1000 2550 1135 2618 subiecti
1158 2555 1241 2616 eunt.
1286 2550 1331 2615 At

208 2682 332 2757 eontra,
360 2680 446 2763 quod
469 2678 640 2764 Neptunus
668 2680 761 2744 deum
784 2678 909 2756 fecerit,
935 2678 992 2761 qui
1015 2681 1127 2761 postea
1150 2697 1260 2741 nemus
1282 2676 1331 2740 in·
1385 2662 1389 2671 ¹

207 2803 342 2869 coluerit
378 2808 433 2868 aut
469 2804 573 2868 Diana
604 2804 638 2868 in
671 2825 743 2868 suae
775 2803 935 2875 retulerit,
972 2824 1053 2886 quoe
1086 2806 1198 2884 postea
1229 2802 1344 2883 undae⁵

206 2928 375 3005 tenuerint,
398 2928 505 2992 nullus
529 2931 633 2993 exstat
656 2927 744 2992 loeus
762 2927 795 2991 in
813 2926 918 2993 Ovidii
933 2926 1083 3009 operibus
1098 2948 1162 3010 quo
1179 2926 1331 3010 seriptum

206 3052 341 3117 similius
364 3057 420 3118 est.

292 3175 370 3242 ¹Non
393 3175 558 3262 indignum
578 3176 673 3241 etiam
696 3177 820 3241 videtur
842 3176 1092 3241 animadvertere
1116 3176 1156 3240 ad
1170 3176 1331 3258 Apollinis

206 3306 396 3387 potestatem
427 3302 482 3386 qui
511 3302 586 3367 Met.
601 3301 641 3367 II.
659 3306 812 3368 628-30
835 3306 928 3366 utero
956 3300 1088 3366 Coronis
1111 3301 1213 3390 fetum
1236 3301 1331 3384 eripit

207 3450 342 3512 eumque
364 3428 398 3491 in
421 3432 547 3493 antrum
562 3428 680 3512 gemini
695 3427 842 3493 Chironis
857 3428 1053 3493 educandum
1069 3426 1140 3490 fert.
1176 3426 1236 3490 His
1251 3426 1331 3491 loeis

206 3555 285 3619 adde
307 3553 383 3619 Met.
400 3552 486 3619 Vlll.
505 3558 567 3619 179
581 3554 630 3643 ⁴A.
647 3553 686 3619 A.
701 3553 726 3619 Ι.
744 3560 807 3618 557
832 3553 867 3617 F.
884 3550 940 3618 III.
958 3557 1022 3617 510
1053 3574 1115 3636 quo
1140 3550 1234 3616 Liber
1256 3550 1329 3615 Ari-

206 3681 302 3745 adnes
326 3700 474 3743 eoronam
502 3678 590 3745 eaelo
618 3678 762 3759 immitit,
790 3676 981 3744 F.111.414
1010 3678 1094 3742 idem
1118 3676 1330 3760 Ampelonem

205 3805 238 3869 in
261 3810 348 3871 astra
370 3805 457 3869 vehit
480 3809 513 3869 et
535 3803 571 3867 F.
587 3804 625 3869 V.
644 3810 706 3867 543
731 3803 852 3872 Latona
868 3802 1019 3868 Orionem
1042 3803 1219 3868 nitentibus
1235 3802 1329 3866 astris

206 3931 302 3996 aden.
1179 3896 1183 3904 ’

207 4067 209 4072 ’
296 4058 314 4138 5
341 4061 390 4122 11.
434 4055 667 4120 Immortalium
695 4054 743 4117 vie
776 4076 957 4137 quanquam
990 4075 1165 4138 permagna
1197 4058 1229 4117 et
1261 4076 1326 4117 am·
1346 4066 1416 4137 311

205 4182 348 4263 piissima
362 4181 494 4259 videtur,
510 4187 617 4246 tamen
632 4180 743 4245 multis
759 4179 837 4244 loeis
854 4178 1039 4243 oiroumoiea
1055 4183 1087 4244 et
1102 4178 1329 4262 angustissima

206 4310 261 4371 est.
292 4305 445 4390 Exempla
460 4284 644 4371 afferamus,
676 4305 750 4370 Met.
766 4304 806 4370 II.
824 4311 887 4369 615
899 4326 966 4388 sqq.
992 4303 1109 4387 Apollo
1133 4303 1328 4367 carissimum

206 4453 298 4496 suum
313 4430 539 4515 Hyacinthum,
563 4454 657 4515 quem
672 4432 797 4496 incaute
812 4429 980 4522 interfeeit
1004 4450 1128 4493 servare
1143 4449 1207 4491 non
1223 4431 1329 4510 potest

206 4562 237 4621 et
265 4580 358 4622 omne
391 4558 476 4642 quod
511 4557 577 4622 eius
606 4579 699 4621 eausa
727 4556 830 4621 fecere
858 4560 976 4639 potest,
1009 4559 1056 4619 est
1083 4554 1168 4637 quod
1196 4574 1267 4618 eum
1295 4552 1329 4616 in

205 4685 314 4750 florem
339 4684 442 4750 vertit.
488 4683 562 4748 Met.
578 4681 601 4748 I.
620 4689 761 4767 548sqq.
791 4706 854 4767 quo
878 4682 1027 4766 Daphne,
1056 4680 1145 4745 ouius
1174 4678 1327 4743 desiderio

1188 4785 1221 4839 2*
1380 4794 1382 4797 .
