<?xml version="1.0" encoding="UTF-8"?>
<!DOCTYPE html PUBLIC "-//W3C//DTD XHTML 1.0 Transitional//EN"
    "http://www.w3.org/TR/xhtml1/DTD/xhtml1-transitional.dtd">
<html xmlns="http://www.w3.org/1999/xhtml" xml:lang="en" lang="en">
 <head>
  <title>
</title>
<meta http-equiv="Content-Type" content="text/html;charset=utf-8" />
  <meta name='ocr-system' content='tesseract 3.04.00' />
  <meta name='ocr-capabilities' content='ocr_page ocr_carea ocr_par ocr_line ocrx_word'/>
</head>
<body>
  <div class='ocr_page' id='page_1' title='image "./dediisfatojoveq01fabrgoog_0021.png"; bbox 0 0 3400 5467; ppageno 0'>
   <div class='ocr_carea' id='block_1_1' title="bbox 684 664 905 725">
    <p class='ocr_par' dir='ltr' id='par_1_1' title="bbox 684 664 905 725">
     <span class='ocr_line' id='line_1_1' title="bbox 684 664 905 725; baseline 0.005 -18"><span class='ocrx_word' id='word_1_1' title='bbox 684 664 905 725; x_wconf 73' lang='lat'><strong>..17-</strong></span> 
     </span>
    </p>
   </div>
   <div class='ocr_carea' id='block_1_2' title="bbox 236 836 1429 3179">
    <p class='ocr_par' dir='ltr' id='par_1_2' title="bbox 236 836 1429 3179">
     <span class='ocr_line' id='line_1_2' title="bbox 379 836 949 903; baseline 0.002 -2"><span class='ocrx_word' id='word_1_2' title='bbox 379 838 420 903; x_wconf 91' lang='lat' dir='ltr'><strong>H.</strong></span> <span class='ocrx_word' id='word_1_3' title='bbox 436 836 520 902; x_wconf 88' lang='lat' dir='ltr'>XXI.</span> <span class='ocrx_word' id='word_1_4' title='bbox 538 844 615 902; x_wconf 83' lang='lat'>232:</span> <span class='ocrx_word' id='word_1_5' title='bbox 638 837 705 902; x_wconf 89' lang='lat' dir='ltr'><strong>fata</strong></span> <span class='ocrx_word' id='word_1_6' title='bbox 727 858 841 902; x_wconf 84' lang='lat' dir='ltr'><strong>canens</strong></span> <span class='ocrx_word' id='word_1_7' title='bbox 866 839 949 902; x_wconf 87' lang='lat' dir='ltr'><strong>deus.</strong></span> 
     </span>
     <span class='ocr_line' id='line_1_3' title="bbox 361 961 778 1028; baseline 0.002 -2"><span class='ocrx_word' id='word_1_8' title='bbox 361 962 415 1027; x_wconf 60' lang='lat' dir='ltr'><strong>ll.</strong></span> <span class='ocrx_word' id='word_1_9' title='bbox 431 961 470 1028; x_wconf 93' lang='lat' dir='ltr'><strong>Il.</strong></span> <span class='ocrx_word' id='word_1_10' title='bbox 488 967 552 1026; x_wconf 80' lang='lat'><strong>713</strong></span> <span class='ocrx_word' id='word_1_11' title='bbox 577 966 693 1027; x_wconf 87' lang='lat' dir='ltr'><strong>sortem</strong></span> <span class='ocrx_word' id='word_1_12' title='bbox 716 962 778 1027; x_wconf 90' lang='lat' dir='ltr'><strong>dat.</strong></span> 
     </span>
     <span class='ocr_line' id='line_1_4' title="bbox 379 1086 1358 1154; baseline 0 -3"><span class='ocrx_word' id='word_1_13' title='bbox 379 1086 414 1151; x_wconf 86' lang='lat' dir='ltr'><strong>F.</strong></span> <span class='ocrx_word' id='word_1_14' title='bbox 430 1086 486 1154; x_wconf 91' lang='lat' dir='ltr'><strong>Vl.</strong></span> <span class='ocrx_word' id='word_1_15' title='bbox 504 1093 567 1152; x_wconf 84' lang='lat'><strong>425</strong></span> <span class='ocrx_word' id='word_1_16' title='bbox 591 1109 656 1152; x_wconf 91' lang='lat' dir='ltr'><strong>non</strong></span> <span class='ocrx_word' id='word_1_17' title='bbox 683 1087 816 1152; x_wconf 88' lang='lat' dir='ltr'><strong>mentito</strong></span> <span class='ocrx_word' id='word_1_18' title='bbox 848 1109 903 1152; x_wconf 88' lang='lat' dir='ltr'><strong>ore</strong></span> <span class='ocrx_word' id='word_1_19' title='bbox 934 1087 1069 1154; x_wconf 81' lang='lat' dir='ltr'><strong>reddidit</strong></span> <span class='ocrx_word' id='word_1_20' title='bbox 1100 1090 1158 1153; x_wconf 91' lang='lat' dir='ltr'><strong>hos</strong></span> <span class='ocrx_word' id='word_1_21' title='bbox 1190 1109 1297 1152; x_wconf 86' lang='lat' dir='ltr'><strong>sonos:</strong></span> <span class='ocrx_word' id='word_1_22' title='bbox 1330 1088 1358 1151; x_wconf 88' lang='lat' dir='ltr'><strong>si</strong></span> 
     </span>
     <span class='ocr_line' id='line_1_5' title="bbox 592 1211 1357 1296; baseline 0 -20"><span class='ocrx_word' id='word_1_23' title='bbox 592 1212 682 1276; x_wconf 86' lang='lat' dir='ltr'><strong>deam</strong></span> <span class='ocrx_word' id='word_1_24' title='bbox 698 1213 837 1284; x_wconf 81' lang='lat' dir='ltr'><strong>servatis,</strong></span> <span class='ocrx_word' id='word_1_25' title='bbox 861 1212 1027 1279; x_wconf 80' lang='lat' dir='ltr'><strong>servabitis</strong></span> <span class='ocrx_word' id='word_1_26' title='bbox 1041 1213 1165 1292; x_wconf 74' lang='lat' dir='ltr'><strong>urbem,</strong></span> <span class='ocrx_word' id='word_1_27' title='bbox 1188 1211 1357 1296; x_wconf 89' lang='lat' dir='ltr'><strong>imperium</strong></span> 
     </span>
     <span class='ocr_line' id='line_1_6' title="bbox 479 1336 1062 1402; baseline 0 -2"><span class='ocrx_word' id='word_1_28' title='bbox 479 1381 482 1387; x_wconf 87' lang='lat'><em>-</em></span> <span class='ocrx_word' id='word_1_29' title='bbox 591 1336 648 1400; x_wconf 89' lang='lat' dir='ltr'><strong>illa</strong></span> <span class='ocrx_word' id='word_1_30' title='bbox 671 1358 777 1401; x_wconf 89' lang='lat' dir='ltr'><strong>secum</strong></span> <span class='ocrx_word' id='word_1_31' title='bbox 800 1336 959 1402; x_wconf 78' lang='lat' dir='ltr'><strong>transfert.</strong></span> <span class='ocrx_word' id='word_1_32' title='bbox 1058 1382 1062 1387; x_wconf 84' lang='lat'><em>·</em></span> 
     </span>
     <span class='ocr_line' id='line_1_7' title="bbox 237 1458 1358 1545; baseline 0 -19"><span class='ocrx_word' id='word_1_33' title='bbox 237 1462 364 1526; x_wconf 87' lang='lat' dir='ltr'><strong>Aurora</strong></span> <span class='ocrx_word' id='word_1_34' title='bbox 387 1460 461 1525; x_wconf 88' lang='lat' dir='ltr'><strong>Met.</strong></span> <span class='ocrx_word' id='word_1_35' title='bbox 477 1458 547 1525; x_wconf 92' lang='lat' dir='ltr'><strong>Vll.</strong></span> <span class='ocrx_word' id='word_1_36' title='bbox 567 1468 628 1525; x_wconf 80' lang='lat'><strong>712</strong></span> <span class='ocrx_word' id='word_1_37' title='bbox 653 1461 691 1525; x_wconf 88' lang='lat' dir='ltr'><strong>de</strong></span> <span class='ocrx_word' id='word_1_38' title='bbox 711 1482 745 1524; x_wconf 87' lang='lat' dir='ltr'><strong>se</strong></span> <span class='ocrx_word' id='word_1_39' title='bbox 764 1461 834 1544; x_wconf 89' lang='lat' dir='ltr'><strong>ipsa</strong></span> <span class='ocrx_word' id='word_1_40' title='bbox 855 1466 990 1525; x_wconf 89' lang='lat' dir='ltr'><strong>mentem</strong></span> <span class='ocrx_word' id='word_1_41' title='bbox 1014 1462 1080 1525; x_wconf 89' lang='lat' dir='ltr'><strong>eius</strong></span> <span class='ocrx_word' id='word_1_42' title='bbox 1103 1460 1267 1545; x_wconf 79' lang='lat' dir='ltr'><strong>providam</strong></span> <span class='ocrx_word' id='word_1_43' title='bbox 1290 1484 1358 1526; x_wconf 84' lang='lat' dir='ltr'><strong>esso</strong></span> 
     </span>
     <span class='ocr_line' id='line_1_8' title="bbox 652 1586 1170 1650; baseline 0 0"><span class='ocrx_word' id='word_1_44' title='bbox 652 1586 736 1650; x_wconf 87' lang='lat' dir='ltr'><strong>dicit.</strong></span> <span class='ocrx_word' id='word_1_45' title='bbox 1166 1636 1170 1639; x_wconf 46' lang='lat'><strong>&lt;</strong></span> 
     </span>
     <span class='ocr_line' id='line_1_9' title="bbox 237 1710 1357 1794; baseline 0 -17"><span class='ocrx_word' id='word_1_46' title='bbox 237 1712 341 1777; x_wconf 92' lang='lat' dir='ltr'><strong>Diana</strong></span> <span class='ocrx_word' id='word_1_47' title='bbox 356 1710 496 1776; x_wconf 84' lang='lat' dir='ltr'><strong>Metlll.</strong></span> <span class='ocrx_word' id='word_1_48' title='bbox 509 1716 568 1776; x_wconf 86' lang='grc'><strong>191</strong></span> <span class='ocrx_word' id='word_1_49' title='bbox 589 1711 710 1775; x_wconf 77' lang='lat' dir='ltr'><strong>addidit</strong></span> <span class='ocrx_word' id='word_1_50' title='bbox 724 1710 803 1776; x_wconf 88' lang='lat' dir='ltr'><strong>haec</strong></span> <span class='ocrx_word' id='word_1_51' title='bbox 812 1712 911 1776; x_wconf 85' lang='lat' dir='ltr'><strong>eladis</strong></span> <span class='ocrx_word' id='word_1_52' title='bbox 920 1712 1108 1794; x_wconf 88' lang='lat' dir='ltr'><strong>praenuntia</strong></span> <span class='ocrx_word' id='word_1_53' title='bbox 1117 1712 1214 1776; x_wconf 90' lang='lat' dir='ltr'><strong>verba</strong></span> <span class='ocrx_word' id='word_1_54' title='bbox 1222 1712 1357 1777; x_wconf 82' lang='lat' dir='ltr'><strong>futurae.</strong></span> 
     </span>
     <span class='ocr_line' id='line_1_10' title="bbox 236 1836 1084 1921; baseline 0.001 -19"><span class='ocrx_word' id='word_1_55' title='bbox 236 1838 365 1903; x_wconf 80' lang='lat' dir='ltr'><strong>Themis</strong></span> <span class='ocrx_word' id='word_1_56' title='bbox 389 1837 465 1903; x_wconf 85' lang='lat' dir='ltr'><strong>Met</strong></span> <span class='ocrx_word' id='word_1_57' title='bbox 480 1836 534 1904; x_wconf 86' lang='lat' dir='ltr'><strong>IX.</strong></span> <span class='ocrx_word' id='word_1_58' title='bbox 550 1842 693 1921; x_wconf 87' lang='lat' dir='ltr'><strong>403sqq.</strong></span> <span class='ocrx_word' id='word_1_59' title='bbox 717 1839 841 1902; x_wconf 89' lang='lat' dir='ltr'><strong>venturi</strong></span> <span class='ocrx_word' id='word_1_60' title='bbox 863 1838 1005 1921; x_wconf 87' lang='lat' dir='ltr'><strong>praescia</strong></span> <span class='ocrx_word' id='word_1_61' title='bbox 1029 1842 1084 1903; x_wconf 91' lang='lat' dir='ltr'><strong>est.</strong></span> 
     </span>
     <span class='ocr_line' id='line_1_11' title="bbox 388 1961 1359 2028; baseline 0.001 -1"><span class='ocrx_word' id='word_1_62' title='bbox 388 1962 463 2027; x_wconf 88' lang='lat' dir='ltr'><strong>Met.</strong></span> <span class='ocrx_word' id='word_1_63' title='bbox 479 1961 535 2026; x_wconf 92' lang='lat' dir='ltr'><strong>IV.</strong></span> <span class='ocrx_word' id='word_1_64' title='bbox 552 1968 629 2026; x_wconf 84' lang='lat'>642:</span> <span class='ocrx_word' id='word_1_65' title='bbox 653 2014 660 2025; x_wconf 94' lang='lat'><strong>.</strong></span> <span class='ocrx_word' id='word_1_66' title='bbox 684 2014 691 2027; x_wconf 92' lang='lat'><strong>.</strong></span> <span class='ocrx_word' id='word_1_67' title='bbox 715 2014 721 2026; x_wconf 93' lang='lat'><strong>.</strong></span> <span class='ocrx_word' id='word_1_68' title='bbox 746 2012 754 2025; x_wconf 93' lang='lat'><strong>.</strong></span> <span class='ocrx_word' id='word_1_69' title='bbox 781 1962 911 2026; x_wconf 83' lang='lat' dir='ltr'><strong>Themis</strong></span> <span class='ocrx_word' id='word_1_70' title='bbox 943 1962 1025 2028; x_wconf 86' lang='lat' dir='ltr'><strong>hanc</strong></span> <span class='ocrx_word' id='word_1_71' title='bbox 1057 1963 1184 2027; x_wconf 90' lang='lat' dir='ltr'><strong>dederat</strong></span> <span class='ocrx_word' id='word_1_72' title='bbox 1206 1961 1359 2028; x_wconf 88' lang='lat' dir='ltr'><strong>Parnasia</strong></span> 
     </span>
     <span class='ocr_line' id='line_1_12' title="bbox 650 2088 955 2153; baseline 0 -2"><span class='ocrx_word' id='word_1_73' title='bbox 650 2088 955 2153; x_wconf 87' lang='lat' dir='ltr'><strong>sortem-oraculum.</strong></span> 
     </span>
     <span class='ocr_line' id='line_1_13' title="bbox 387 2211 1359 2296; baseline 0.001 -20"><span class='ocrx_word' id='word_1_74' title='bbox 387 2212 462 2277; x_wconf 89' lang='lat' dir='ltr'><strong>Met.</strong></span> <span class='ocrx_word' id='word_1_75' title='bbox 477 2211 501 2277; x_wconf 95' lang='lat' dir='ltr'><strong>I.</strong></span> <span class='ocrx_word' id='word_1_76' title='bbox 519 2217 596 2277; x_wconf 83' lang='lat'>321:</span> <span class='ocrx_word' id='word_1_77' title='bbox 619 2211 842 2296; x_wconf 78' lang='lat' dir='ltr'><strong>fatidicamque</strong></span> <span class='ocrx_word' id='word_1_78' title='bbox 866 2212 1013 2292; x_wconf 82' lang='lat' dir='ltr'><strong>Themin,</strong></span> <span class='ocrx_word' id='word_1_79' title='bbox 1042 2234 1123 2296; x_wconf 89' lang='lat' dir='ltr'><strong>quae</strong></span> <span class='ocrx_word' id='word_1_80' title='bbox 1149 2217 1225 2277; x_wconf 89' lang='lat' dir='ltr'><strong>tunc</strong></span> <span class='ocrx_word' id='word_1_81' title='bbox 1251 2213 1359 2277; x_wconf 88' lang='lat' dir='ltr'><strong>oracla</strong></span> 
     </span>
     <span class='ocr_line' id='line_1_14' title="bbox 619 2338 755 2402; baseline 0.007 -1"><span class='ocrx_word' id='word_1_82' title='bbox 619 2338 755 2402; x_wconf 87' lang='lat' dir='ltr'><strong>tenebat.</strong></span> 
     </span>
     <span class='ocr_line' id='line_1_15' title="bbox 237 2460 1044 2555; baseline -0.001 -29"><span class='ocrx_word' id='word_1_83' title='bbox 237 2461 389 2526; x_wconf 88' lang='lat' dir='ltr'><strong>Hercules</strong></span> <span class='ocrx_word' id='word_1_84' title='bbox 413 2461 488 2526; x_wconf 89' lang='lat' dir='ltr'><strong>Met.</strong></span> <span class='ocrx_word' id='word_1_85' title='bbox 503 2460 571 2526; x_wconf 88' lang='lat' dir='ltr'><strong>XV.</strong></span> <span class='ocrx_word' id='word_1_86' title='bbox 590 2467 643 2526; x_wconf 83' lang='lat'><strong>17:</strong></span> <span class='ocrx_word' id='word_1_87' title='bbox 669 2513 675 2527; x_wconf 91' lang='lat'><strong>.</strong></span> <span class='ocrx_word' id='word_1_88' title='bbox 699 2512 706 2525; x_wconf 90' lang='lat'><strong>.</strong></span> <span class='ocrx_word' id='word_1_89' title='bbox 730 2513 736 2526; x_wconf 95' lang='lat'><strong>.</strong></span> <span class='ocrx_word' id='word_1_90' title='bbox 762 2514 768 2527; x_wconf 95' lang='lat'><strong>.</strong></span> <span class='ocrx_word' id='word_1_91' title='bbox 792 2483 870 2555; x_wconf 83' lang='lat' dir='ltr'><strong>aevo</strong></span> <span class='ocrx_word' id='word_1_92' title='bbox 893 2466 1044 2546; x_wconf 89' lang='lat' dir='ltr'><strong>nepotum</strong></span> 
     </span>
     <span class='ocr_line' id='line_1_16' title="bbox 667 2587 925 2656; baseline -0.012 0"><span class='ocrx_word' id='word_1_93' title='bbox 667 2587 720 2656; x_wconf 88' lang='lat' dir='ltr'><strong>hic</strong></span> <span class='ocrx_word' id='word_1_94' title='bbox 742 2589 831 2653; x_wconf 90' lang='lat' dir='ltr'><strong>locus</strong></span> <span class='ocrx_word' id='word_1_95' title='bbox 857 2589 925 2653; x_wconf 90' lang='lat' dir='ltr'><strong>erit.</strong></span> 
     </span>
     <span class='ocr_line' id='line_1_17' title="bbox 327 2712 1429 2797; baseline 0.001 -21"><span class='ocrx_word' id='word_1_96' title='bbox 327 2714 345 2797; x_wconf 61' lang='grc' dir='ltr'><strong>ἕ</strong></span> <span class='ocrx_word' id='word_1_97' title='bbox 370 2719 398 2778; x_wconf 87' lang='grc'><strong>9.</strong></span> <span class='ocrx_word' id='word_1_98' title='bbox 446 2712 682 2778; x_wconf 90' lang='lat' dir='ltr'><strong>Divinationem</strong></span> <span class='ocrx_word' id='word_1_99' title='bbox 710 2713 759 2777; x_wconf 90' lang='lat' dir='ltr'><strong>dei</strong></span> <span class='ocrx_word' id='word_1_100' title='bbox 783 2714 867 2779; x_wconf 91' lang='lat' dir='ltr'><strong>dono</strong></span> <span class='ocrx_word' id='word_1_101' title='bbox 891 2715 968 2778; x_wconf 87' lang='lat' dir='ltr'><strong>dant</strong></span> <span class='ocrx_word' id='word_1_102' title='bbox 995 2715 1090 2779; x_wconf 88' lang='lat' dir='ltr'><strong>etiam</strong></span> <span class='ocrx_word' id='word_1_103' title='bbox 1118 2716 1299 2781; x_wconf 86' lang='lat' dir='ltr'><strong>hominibus</strong></span> <span class='ocrx_word' id='word_1_104' title='bbox 1322 2721 1358 2781; x_wconf 91' lang='lat' dir='ltr'><strong>ut</strong></span> <span class='ocrx_word' id='word_1_105' title='bbox 1375 2722 1429 2793; x_wconf 69' lang='lat' dir='ltr'><strong>§A</strong></span> 
     </span>
     <span class='ocr_line' id='line_1_18' title="bbox 239 2837 714 2904; baseline 0.002 -1"><span class='ocrx_word' id='word_1_106' title='bbox 239 2839 489 2903; x_wconf 83' lang='lat' dir='ltr'><strong>benevolentiam</strong></span> <span class='ocrx_word' id='word_1_107' title='bbox 512 2842 544 2903; x_wconf 89' lang='lat' dir='ltr'><strong>et</strong></span> <span class='ocrx_word' id='word_1_108' title='bbox 566 2837 714 2904; x_wconf 88' lang='lat' dir='ltr'><strong>favorem.</strong></span> 
     </span>
     <span class='ocr_line' id='line_1_19' title="bbox 237 2962 1238 3052; baseline 0.004 -25"><span class='ocrx_word' id='word_1_109' title='bbox 237 2962 372 3029; x_wconf 84' lang='lat' dir='ltr'><strong>Tiresias</strong></span> <span class='ocrx_word' id='word_1_110' title='bbox 395 2963 470 3029; x_wconf 88' lang='lat' dir='ltr'><strong>Met.</strong></span> <span class='ocrx_word' id='word_1_111' title='bbox 486 2963 542 3028; x_wconf 93' lang='grc' dir='ltr'><strong>ΙΙΙ.</strong></span> <span class='ocrx_word' id='word_1_112' title='bbox 560 2971 703 3029; x_wconf 84' lang='grc'>336-8;</span> <span class='ocrx_word' id='word_1_113' title='bbox 728 3015 735 3029; x_wconf 94' lang='grc'><strong>.</strong></span> <span class='ocrx_word' id='word_1_114' title='bbox 760 3018 766 3031; x_wconf 94' lang='grc'><strong><em>.</em></strong></span> <span class='ocrx_word' id='word_1_115' title='bbox 791 3016 797 3031; x_wconf 94' lang='grc'><strong>.</strong></span> <span class='ocrx_word' id='word_1_116' title='bbox 822 3018 828 3031; x_wconf 95' lang='grc'><strong>.</strong></span> <span class='ocrx_word' id='word_1_117' title='bbox 852 2986 910 3048; x_wconf 92' lang='lat' dir='ltr'><strong>pro</strong></span> <span class='ocrx_word' id='word_1_118' title='bbox 933 2966 1053 3031; x_wconf 91' lang='lat' dir='ltr'><strong>lumine</strong></span> <span class='ocrx_word' id='word_1_119' title='bbox 1075 2968 1238 3052; x_wconf 88' lang='lat' dir='ltr'><strong>redempto</strong></span> 
     </span>
     <span class='ocr_line' id='line_1_20' title="bbox 727 3090 1245 3179; baseline 0.01 -27"><span class='ocrx_word' id='word_1_120' title='bbox 727 3090 805 3153; x_wconf 88' lang='lat' dir='ltr'><strong>scire</strong></span> <span class='ocrx_word' id='word_1_121' title='bbox 828 3090 936 3156; x_wconf 85' lang='lat' dir='ltr'><strong>futura</strong></span> <span class='ocrx_word' id='word_1_122' title='bbox 960 3092 1045 3156; x_wconf 89' lang='lat' dir='ltr'><strong>dedit</strong></span> <span class='ocrx_word' id='word_1_123' title='bbox 1069 3091 1245 3179; x_wconf 86' lang='lat' dir='ltr'><strong>[Juppiter]</strong></span> 
     </span>
    </p>
   </div>
   <div class='ocr_carea' id='block_1_3' title="bbox 456 3197 1205 3404">
    <p class='ocr_par' dir='ltr' id='par_1_3' title="bbox 456 3197 1205 3404">
     <span class='ocr_line' id='line_1_21' title="bbox 456 3197 1205 3299; baseline 0.007 -22"><span class='ocrx_word' id='word_1_124' title='bbox 456 3268 465 3289; x_wconf 77' lang='lat'><strong>,</strong></span> <span class='ocrx_word' id='word_1_125' title='bbox 560 3221 623 3278; x_wconf 85' lang='lat'><strong>348</strong></span> <span class='ocrx_word' id='word_1_126' title='bbox 647 3197 789 3279; x_wconf 85' lang='lat' dir='ltr'><strong>Narcissi</strong></span> <span class='ocrx_word' id='word_1_127' title='bbox 812 3216 914 3279; x_wconf 87' lang='lat' dir='ltr'><strong>fatum</strong></span> <span class='ocrx_word' id='word_1_128' title='bbox 937 3218 1099 3299; x_wconf 83' lang='lat' dir='ltr'><strong>praedicit,</strong></span> <span class='ocrx_word' id='word_1_129' title='bbox 1121 3218 1205 3283; x_wconf 89' lang='lat' dir='ltr'><strong>idem</strong></span> 
     </span>
     <span class='ocr_line' id='line_1_22' title="bbox 561 3339 789 3404; baseline 0.009 -2"><span class='ocrx_word' id='word_1_130' title='bbox 561 3344 622 3403; x_wconf 81' lang='lat'><strong>517</strong></span> <span class='ocrx_word' id='word_1_131' title='bbox 647 3339 789 3404; x_wconf 79' lang='lat' dir='ltr'><strong>Penthei</strong></span> 
     </span>
    </p>
   </div>
   <div class='ocr_carea' id='block_1_4' title="bbox 236 3462 1359 3678">
    <p class='ocr_par' dir='ltr' id='par_1_4' title="bbox 236 3462 1359 3678">
     <span class='ocr_line' id='line_1_23' title="bbox 236 3462 1359 3549; baseline 0.009 -22"><span class='ocrx_word' id='word_1_132' title='bbox 236 3462 380 3548; x_wconf 82' lang='lat' dir='ltr'><strong>Sibyllae</strong></span> <span class='ocrx_word' id='word_1_133' title='bbox 395 3464 553 3549; x_wconf 87' lang='lat' dir='ltr'><strong>nymphae</strong></span> <span class='ocrx_word' id='word_1_134' title='bbox 569 3464 814 3531; x_wconf 87' lang='lat' dir='ltr'><strong>Met.XIV.106</strong></span> <span class='ocrx_word' id='word_1_135' title='bbox 832 3465 951 3549; x_wconf 86' lang='lat' dir='ltr'><strong>Apollo</strong></span> <span class='ocrx_word' id='word_1_136' title='bbox 968 3468 1224 3533; x_wconf 85' lang='lat' dir='ltr'><strong>vaticinationem</strong></span> <span class='ocrx_word' id='word_1_137' title='bbox 1239 3470 1359 3539; x_wconf 85' lang='lat' dir='ltr'><strong>tribuit.</strong></span> 
     </span>
     <span class='ocr_line' id='line_1_24' title="bbox 237 3588 1252 3678; baseline 0.006 -25"><span class='ocrx_word' id='word_1_138' title='bbox 237 3588 406 3654; x_wconf 80' lang='lat' dir='ltr'><strong>Carmenta</strong></span> <span class='ocrx_word' id='word_1_139' title='bbox 429 3588 465 3653; x_wconf 86' lang='lat' dir='ltr'><strong>F.</strong></span> <span class='ocrx_word' id='word_1_140' title='bbox 480 3588 503 3655; x_wconf 91' lang='lat' dir='ltr'><strong>l.</strong></span> <span class='ocrx_word' id='word_1_141' title='bbox 521 3596 585 3654; x_wconf 85' lang='grc'><strong>474</strong></span> <span class='ocrx_word' id='word_1_142' title='bbox 610 3591 649 3654; x_wconf 92' lang='lat' dir='ltr'><strong>ab</strong></span> <span class='ocrx_word' id='word_1_143' title='bbox 671 3591 822 3673; x_wconf 82' lang='lat' dir='ltr'><strong>Apolline</strong></span> <span class='ocrx_word' id='word_1_144' title='bbox 846 3592 1071 3659; x_wconf 86' lang='lat' dir='ltr'><strong>divinationem</strong></span> <span class='ocrx_word' id='word_1_145' title='bbox 1094 3595 1252 3678; x_wconf 91' lang='lat' dir='ltr'><strong>impetrat.</strong></span> 
     </span>
    </p>
   </div>
   <div class='ocr_carea' id='block_1_5' title="bbox 432 3720 1360 4055">
    <p class='ocr_par' dir='ltr' id='par_1_5' title="bbox 432 3720 1360 4055">
     <span class='ocr_line' id='line_1_25' title="bbox 524 3720 1360 3805; baseline 0.012 -28"><span class='ocrx_word' id='word_1_146' title='bbox 524 3720 697 3780; x_wconf 81' lang='lat'>509-537</span> <span class='ocrx_word' id='word_1_147' title='bbox 710 3720 959 3803; x_wconf 81' lang='lat' dir='ltr'><strong>magnitudinem</strong></span> <span class='ocrx_word' id='word_1_148' title='bbox 970 3720 1090 3785; x_wconf 88' lang='lat' dir='ltr'><strong>Romae</strong></span> <span class='ocrx_word' id='word_1_149' title='bbox 1100 3726 1133 3785; x_wconf 91' lang='lat' dir='ltr'><strong>et</strong></span> <span class='ocrx_word' id='word_1_150' title='bbox 1141 3722 1245 3805; x_wconf 83' lang='lat' dir='ltr'><strong>gentis</strong></span> <span class='ocrx_word' id='word_1_151' title='bbox 1254 3721 1360 3787; x_wconf 86' lang='lat' dir='ltr'><strong>Juliae</strong></span> 
     </span>
     <span class='ocr_line' id='line_1_26' title="bbox 710 3844 1177 3931; baseline 0.011 -24"><span class='ocrx_word' id='word_1_152' title='bbox 710 3844 910 3927; x_wconf 89' lang='lat' dir='ltr'><strong>splendorem</strong></span> <span class='ocrx_word' id='word_1_153' title='bbox 933 3848 1094 3931; x_wconf 87' lang='lat' dir='ltr'><strong>praedicit.</strong></span> <span class='ocrx_word' id='word_1_154' title='bbox 1173 3884 1177 3890; x_wconf 94' lang='lat'>·</span> 
     </span>
     <span class='ocr_line' id='line_1_27' title="bbox 432 3963 1360 4055; baseline 0.013 -27"><span class='ocrx_word' id='word_1_155' title='bbox 432 3963 467 4030; x_wconf 81' lang='lat' dir='ltr'><strong>F.</strong></span> <span class='ocrx_word' id='word_1_156' title='bbox 477 3964 530 4031; x_wconf 83' lang='lat' dir='ltr'><strong>Vl.</strong></span> <span class='ocrx_word' id='word_1_157' title='bbox 543 3972 604 4031; x_wconf 81' lang='lat'><strong>535</strong></span> <span class='ocrx_word' id='word_1_158' title='bbox 622 3966 713 4031; x_wconf 94' lang='lat' dir='ltr'><strong>Inoni</strong></span> <span class='ocrx_word' id='word_1_159' title='bbox 728 3969 795 4033; x_wconf 86' lang='lat' dir='ltr'><strong>fata</strong></span> <span class='ocrx_word' id='word_1_160' title='bbox 810 3971 969 4035; x_wconf 88' lang='lat' dir='ltr'><strong>venientia</strong></span> <span class='ocrx_word' id='word_1_161' title='bbox 989 3978 1084 4055; x_wconf 85' lang='lat' dir='ltr'><strong>atque</strong></span> <span class='ocrx_word' id='word_1_162' title='bbox 1100 3974 1167 4038; x_wconf 89' lang='lat' dir='ltr'><strong>eius</strong></span> <span class='ocrx_word' id='word_1_163' title='bbox 1182 3974 1250 4039; x_wconf 92' lang='lat' dir='ltr'><strong>filio</strong></span> <span class='ocrx_word' id='word_1_164' title='bbox 1267 3976 1360 4040; x_wconf 89' lang='lat' dir='ltr'><strong>canit.</strong></span> 
     </span>
    </p>
   </div>
   <div class='ocr_carea' id='block_1_6' title="bbox 235 4088 1361 4685">
    <p class='ocr_par' dir='ltr' id='par_1_6' title="bbox 235 4088 1361 4685">
     <span class='ocr_line' id='line_1_28' title="bbox 327 4088 1360 4176; baseline 0.014 -23"><span class='ocrx_word' id='word_1_165' title='bbox 327 4088 478 4173; x_wconf 87' lang='lat' dir='ltr'><strong>Ignotum</strong></span> <span class='ocrx_word' id='word_1_166' title='bbox 494 4096 568 4167; x_wconf 86' lang='lat' dir='ltr'><strong>est,</strong></span> <span class='ocrx_word' id='word_1_167' title='bbox 601 4093 672 4175; x_wconf 90' lang='lat' dir='ltr'><strong>quis</strong></span> <span class='ocrx_word' id='word_1_168' title='bbox 704 4116 852 4176; x_wconf 89' lang='lat' dir='ltr'><strong>superum</strong></span> <span class='ocrx_word' id='word_1_169' title='bbox 885 4097 1072 4162; x_wconf 87' lang='lat' dir='ltr'><strong>mortalibus</strong></span> <span class='ocrx_word' id='word_1_170' title='bbox 1104 4101 1360 4167; x_wconf 89' lang='lat' dir='ltr'><strong>vaticinationem</strong></span> 
     </span>
     <span class='ocr_line' id='line_1_29' title="bbox 235 4214 1359 4305; baseline 0.013 -27"><span class='ocrx_word' id='word_1_171' title='bbox 235 4214 371 4291; x_wconf 88' lang='lat' dir='ltr'><strong>dederit;</strong></span> <span class='ocrx_word' id='word_1_172' title='bbox 396 4215 500 4279; x_wconf 91' lang='lat' dir='ltr'><strong>solum</strong></span> <span class='ocrx_word' id='word_1_173' title='bbox 524 4216 716 4283; x_wconf 86' lang='lat' dir='ltr'><strong>divinatione</strong></span> <span class='ocrx_word' id='word_1_174' title='bbox 740 4241 792 4284; x_wconf 90' lang='lat' dir='ltr'><strong>eos</strong></span> <span class='ocrx_word' id='word_1_175' title='bbox 814 4243 848 4285; x_wconf 89' lang='lat' dir='ltr'><strong>re</strong></span> <span class='ocrx_word' id='word_1_176' title='bbox 871 4243 946 4286; x_wconf 87' lang='lat' dir='ltr'><strong>vera</strong></span> <span class='ocrx_word' id='word_1_177' title='bbox 968 4225 1129 4305; x_wconf 90' lang='lat' dir='ltr'><strong>praeditos</strong></span> <span class='ocrx_word' id='word_1_178' title='bbox 1145 4249 1213 4291; x_wconf 89' lang='lat' dir='ltr'><strong>esse</strong></span> <span class='ocrx_word' id='word_1_179' title='bbox 1236 4228 1359 4293; x_wconf 89' lang='lat' dir='ltr'><strong>scimus.</strong></span> 
     </span>
     <span class='ocr_line' id='line_1_30' title="bbox 238 4337 1360 4435; baseline 0.013 -33"><span class='ocrx_word' id='word_1_180' title='bbox 238 4338 363 4404; x_wconf 88' lang='lat' dir='ltr'><strong>Mutata</strong></span> <span class='ocrx_word' id='word_1_181' title='bbox 373 4337 577 4426; x_wconf 80' lang='lat' dir='ltr'><strong>(Leucothea)</strong></span> <span class='ocrx_word' id='word_1_182' title='bbox 594 4340 627 4407; x_wconf 86' lang='lat' dir='ltr'><strong>F.</strong></span> <span class='ocrx_word' id='word_1_183' title='bbox 638 4342 693 4407; x_wconf 88' lang='lat' dir='ltr'><strong>Vl.</strong></span> <span class='ocrx_word' id='word_1_184' title='bbox 706 4351 768 4408; x_wconf 81' lang='lat'><strong>563</strong></span> <span class='ocrx_word' id='word_1_185' title='bbox 786 4347 909 4410; x_wconf 88' lang='lat' dir='ltr'><strong>consuli</strong></span> <span class='ocrx_word' id='word_1_186' title='bbox 924 4347 1046 4413; x_wconf 86' lang='lat' dir='ltr'><strong>Rutilio</strong></span> <span class='ocrx_word' id='word_1_187' title='bbox 1063 4350 1183 4414; x_wconf 87' lang='lat' dir='ltr'><strong>cladem</strong></span> <span class='ocrx_word' id='word_1_188' title='bbox 1199 4352 1360 4435; x_wconf 86' lang='lat' dir='ltr'><strong>praedicit.</strong></span> 
     </span>
     <span class='ocr_line' id='line_1_31' title="bbox 239 4463 1252 4555; baseline 0.017 -29"><span class='ocrx_word' id='word_1_189' title='bbox 239 4463 369 4548; x_wconf 87' lang='lat' dir='ltr'><strong>Mopsus</strong></span> <span class='ocrx_word' id='word_1_190' title='bbox 393 4464 469 4531; x_wconf 91' lang='lat' dir='ltr'><strong>Met.</strong></span> <span class='ocrx_word' id='word_1_191' title='bbox 484 4465 555 4531; x_wconf 88' lang='grc' dir='ltr'><strong>ΧΠ.</strong></span> <span class='ocrx_word' id='word_1_192' title='bbox 572 4474 712 4549; x_wconf 84' lang='lat'><strong>455-6,</strong></span> <span class='ocrx_word' id='word_1_193' title='bbox 736 4476 772 4535; x_wconf 91' lang='lat' dir='ltr'><strong>ut</strong></span> <span class='ocrx_word' id='word_1_194' title='bbox 795 4472 839 4537; x_wconf 93' lang='lat' dir='ltr'><strong>ait</strong></span> <span class='ocrx_word' id='word_1_195' title='bbox 854 4472 981 4555; x_wconf 85' lang='lat' dir='ltr'><strong>Nestor,</strong></span> <span class='ocrx_word' id='word_1_196' title='bbox 1003 4474 1112 4539; x_wconf 89' lang='lat' dir='ltr'><strong>futura</strong></span> <span class='ocrx_word' id='word_1_197' title='bbox 1132 4477 1252 4543; x_wconf 89' lang='lat' dir='ltr'><strong>cecinit.</strong></span> 
     </span>
     <span class='ocr_line' id='line_1_32' title="bbox 236 4588 1361 4685; baseline 0.016 -34"><span class='ocrx_word' id='word_1_198' title='bbox 236 4588 380 4653; x_wconf 88' lang='lat' dir='ltr'><strong>Helenus</strong></span> <span class='ocrx_word' id='word_1_199' title='bbox 404 4589 479 4655; x_wconf 90' lang='lat' dir='ltr'><strong>Met.</strong></span> <span class='ocrx_word' id='word_1_200' title='bbox 495 4590 564 4656; x_wconf 88' lang='lat' dir='ltr'><strong>XV.</strong></span> <span class='ocrx_word' id='word_1_201' title='bbox 582 4600 644 4658; x_wconf 83' lang='grc'><strong>439</strong></span> <span class='ocrx_word' id='word_1_202' title='bbox 668 4594 788 4661; x_wconf 90' lang='lat' dir='ltr'><strong>Priami</strong></span> <span class='ocrx_word' id='word_1_203' title='bbox 811 4597 904 4678; x_wconf 89' lang='lat' dir='ltr'><strong>filius,</strong></span> <span class='ocrx_word' id='word_1_204' title='bbox 927 4599 1053 4665; x_wconf 87' lang='lat' dir='ltr'><strong>Aeneae</strong></span> <span class='ocrx_word' id='word_1_205' title='bbox 1068 4602 1224 4685; x_wconf 87' lang='lat' dir='ltr'><strong>praedixit</strong></span> <span class='ocrx_word' id='word_1_206' title='bbox 1239 4604 1361 4671; x_wconf 86' lang='lat' dir='ltr'><strong>Romae</strong></span> 
     </span>
    </p>
   </div>
   <div class='ocr_carea' id='block_1_7' title="bbox 293 4726 1236 4892">
    <p class='ocr_par' dir='ltr' id='par_1_7' title="bbox 293 4726 1236 4892">
     <span class='ocr_line' id='line_1_33' title="bbox 671 4726 1048 4809; baseline 0.016 -23"><span class='ocrx_word' id='word_1_207' title='bbox 671 4726 929 4809; x_wconf 83' lang='lat' dir='ltr'><strong>magnitudinem,</strong></span> <span class='ocrx_word' id='word_1_208' title='bbox 952 4728 1048 4793; x_wconf 87' lang='lat' dir='ltr'><strong>etiam</strong></span> 
     </span>
     <span class='ocr_line' id='line_1_34' title="bbox 293 4830 1236 4892; baseline 0.024 -23"><span class='ocrx_word' id='word_1_209' title='bbox 293 4830 461 4884; x_wconf 76' lang='lat' dir='ltr'><strong>Fabricius,</strong></span> <span class='ocrx_word' id='word_1_210' title='bbox 477 4835 512 4875; x_wconf 87' lang='lat' dir='ltr'><strong>Da</strong></span> <span class='ocrx_word' id='word_1_211' title='bbox 527 4836 572 4877; x_wconf 84' lang='lat' dir='ltr'><strong>diis</strong></span> <span class='ocrx_word' id='word_1_212' title='bbox 586 4837 633 4878; x_wconf 82' lang='lat' dir='ltr'><strong>fato</strong></span> <span class='ocrx_word' id='word_1_213' title='bbox 647 4839 757 4888; x_wconf 85' lang='lat' dir='ltr'><strong>Jovequa.</strong></span> <span class='ocrx_word' id='word_1_214' title='bbox 1219 4840 1236 4892; x_wconf 79' lang='lat'><strong>2</strong></span> 
     </span>
    </p>
   </div>
   <div class='ocr_carea' id='block_1_8' title="bbox 0 182 1704 5467">
    <p class='ocr_par' dir='ltr' id='par_1_8' title="bbox 0 182 1704 5467">
     <span class='ocr_line' id='line_1_35' title="bbox 0 182 1704 5467; baseline 0 0"><span class='ocrx_word' id='word_1_215' title='bbox 0 182 1704 5467; x_wconf 95' lang='lat' dir='ltr'><strong> </strong></span> 
     </span>
    </p>
   </div>
  </div>
 </body>
</html>
