3400 5467
653 408 875 467 ..45-

355 578 390 642 Τ.
401 577 439 641 V.
449 578 499 643 EI.
509 577 565 644 ΙΙΙ.
578 585 595 643 5
618 579 693 643 dum
708 600 759 642 me
774 600 845 643 mea
860 578 929 643 fata
944 578 1099 657 sinebant,
1120 599 1178 661 pro
1194 578 1325 642 fortuna

355 702 391 768 Τ.
409 700 446 766 V.
462 702 513 767 El.
529 701 618 767 VIII.
638 709 692 767 10:
724 702 875 787 imposito
907 703 1011 768 caleno
1048 701 1124 786 qnid
1155 724 1226 767 mea
1257 702 1325 768 fata

719 828 820 910 pede?
843 848 901 910 pro
923 827 1018 891 rebus
1041 828 1190 893 adversis.

352 950 428 1017 Met.
443 950 531 1017 XIII.
548 958 625 1017 373:
650 1003 656 1015 .
681 1002 687 1017 .
712 1000 719 1017 .
743 1002 750 1017 .
774 951 935 1020 obstantia
958 952 1026 1017 fata
1039 951 1168 1035 removi,
1191 974 1248 1035 pro
1264 952 1322 1015 im·

647 1076 843 1160 peffimentis,
866 1074 1118 1142 difficultatibus.

352 1200 385 1265 F.
402 1198 461 1267 Ill.
476 1208 555 1267 546:
579 1206 699 1265 arserat
726 1200 877 1267 extructio
904 1202 939 1265 in
965 1223 1023 1265 sua
1046 1201 1114 1266 fata
1135 1202 1235 1286 rogia,
1262 1223 1322 1285 pro

586 1348 718 1410 corpore
731 1325 884 1413 [morte]

351 1451 384 1516 F.
401 1450 440 1516 V.
459 1458 536 1517 389:
560 1455 643 1516 stare
666 1451 762 1517 simul
785 1473 860 1517 oaau
876 1451 989 1517 Troiae
1011 1452 1074 1515 duo
1097 1451 1168 1518 fata
1189 1452 1321 1517 rideres.

559 1575 766 1642 Abatrnetum
789 1598 847 1659 pro
872 1581 1028 1655 concreto,
1050 1576 1118 1641 fata
1140 1598 1199 1659 pro
1217 1577 1320 1641 heroi·

557 1701 616 1765 bus
633 1700 771 1769 Hercule
787 1706 820 1765 et
838 1700 971 1779 Achille,
986 1701 1042 1785 qui
1058 1702 1184 1785 quando
1202 1700 1319 1766 Troiae
1348 1682 1351 1688 ¹

559 1825 626 1889 fato
648 1830 805 1908 pararent.

196 1947 364 2013 Praeterea
387 1949 591 2014 adnotatione
615 1950 703 2035 digni
726 1949 887 2016 aunt-loci
908 1955 945 2013 ut
969 1950 1043 2015 Met.
1058 1948 1129 2015 VII.
1148 1957 1225 2015 353:

411 2126 418 2138 .
444 2127 450 2139 .
474 2125 480 2140 .
505 2127 511 2140 .
536 2078 651 2140 eventu
674 2076 789 2139 veteris
813 2076 885 2141 lona
908 2079 985 2140 nota
1008 2075 1153 2139 Cerambi

196 2218 260 2280 quo
283 2220 341 2281 pro
364 2196 433 2263 fato
457 2204 587 2265 eventus
610 2199 729 2284 legitur
755 2198 841 2285 [vide
864 2200 960 2264 etiam
983 2198 1085 2287 casua]
1109 2204 1141 2264 et

194 2320 270 2387 Met.
285 2321 372 2387 XIV.
391 2330 467 2387 729:
490 2376 498 2389 .
522 2375 528 2387 .
553 2374 560 2391 .
585 2375 592 2388 .
614 2324 763 2389 mortalia
785 2324 871 2390 facta
893 2324 1014 2389 videtis.

192 2447 356 2529 profatis.
403 2447 554 2512 Heinsius
583 2448 783 2512 Elzeviriana
806 2470 840 2512 re
863 2472 939 2513 vera
970 2452 1058 2513 tenet
1089 2448 1164 2514 fata
1210 2448 1317 2514 Etiam

193 2571 270 2635 Met.
285 2571 372 2672 XIV.
391 2578 452 2637 697
478 2594 549 2639 mea
572 2574 700 2657 quidem
723 2574 880 2639 sententia
908 2573 994 2639 faeta
1020 2595 1078 2657 pro
1101 2573 1177 2640 fatis
1199 2574 1318 2658 legitur
1405 2627 1413 2662 Ι.

194 2702 226 2759 et
249 2697 361 2761 melius
385 2701 467 2761 esset
491 2702 522 2761 et
544 2698 607 2762 hoe
630 2703 661 2763 et
683 2698 740 2762 illo
764 2699 835 2763 loeo
858 2699 925 2762 fata
948 2719 1006 2781 pro
1029 2698 1122 2763 fartis
1145 2699 1288 2763 seribere.

301 2821 377 2889 Met.
392 2821 464 2888 XV.
481 2830 537 2887 63:
561 2875 567 2889 .
591 2874 598 2889 .
623 2874 630 2889 .
654 2873 661 2887 .
685 2827 717 2887 et
741 2846 821 2907 quae
844 2828 959 2888 natura
981 2824 1120 2907 negabat

558 2947 677 3011 viribus
710 2948 870 3027 humanis,
908 2968 972 3031 quo
1005 2952 1118 3012 natura
1150 2970 1208 3031 pro
1240 2947 1315 3012 fatis

557 3073 725 3138 invenitur.

283 3198 376 3279 §nt
422 3198 473 3263 Ex
509 3198 575 3263 fato
614 3198 755 3263 derivata
787 3220 859 3263 oum
897 3220 997 3283 eoque
1034 3198 1207 3282 composita
1243 3203 1316 3262 sunt
1333 3212 1350 3283 9
1369 3214 1406 3268 25

193 3318 358 3385 adiectiva:

150 3522 153 3527 Ι
228 3428 274 3529 a)
297 3445 412 3510 fatalia.

298 3569 374 3636 Met.
389 3570 446 3635 III.
463 3578 527 3637 316
562 3571 670 3657 [fatali
701 3572 783 3655 lege,
815 3572 899 3636 idem
932 3571 1009 3637 Met.
1029 3573 1067 3636 X.
1091 3573 1170 3658 203]
1195 3572 1232 3637 V.
1251 3578 1313 3637 182

301 3695 467 3782 [iaculum]
485 3695 571 3761 VIII.
583 3704 646 3761 479
666 3698 821 3783 [lignum]
837 3696 892 3761 IX.
905 3703 966 3762 411
986 3697 1128 3783 [aurum]
1146 3696 1232 3762 XIII.
1250 3704 1311 3763 381

298 3818 435 3907 [signnm
459 3821 480 3886 f.
503 3820 678 3907 Minervae]
708 3822 778 3886 XV.
796 3827 859 3885 602
891 3822 928 3907 [f.
952 3828 1054 3886 morte
1076 3822 1218 3907 tyranni]
1244 3821 1314 3887 XV.

299 3951 360 4009 554
395 3944 553 4032 [glebam]
588 3944 657 4011 XV.
685 3954 725 4010 54
765 3944 797 4033 [f.
829 3946 968 4011 fluminis
1001 3946 1071 4031 ora]
1106 3945 1140 4011 F.
1166 3944 1222 4010 IV.
1248 3953 1310 4010 257

297 4067 414 4157 [verba]
443 4070 478 4135 F.
495 4069 547 4135 VI.
566 4078 628 4136 445
660 4069 815 4159 [pignora]
844 4070 884 4135 H.
900 4070 955 4135 IV.
973 4078 1013 4134 63
1045 4068 1117 4157 [hoc
1141 4092 1269 4155 quoque
1290 4071 1314 4135 f.

296 4194 363 4283 est]
387 4194 516 4261 IX.156
543 4196 638 4285 [igne]
663 4196 697 4261 Τ.
708 4196 746 4261 V.
762 4197 811 4263 El.
822 4195 845 4261 I.
858 4203 898 4261 59
924 4194 968 4284 [in
991 4195 1013 4261 f.
1028 4194 1159 4283 malum]
1182 4196 1231 4261 El.
1241 4195 1313 4261 XII.

297 4326 334 4385 51
363 4318 524 4409 [studium]
549 4320 583 4384 P.
599 4320 623 4385 I.
639 4322 698 4406 Ep.
716 4321 801 4387 VIII.
819 4328 860 4385 64
886 4320 918 4409 [f.
934 4322 1010 4385 deae
1035 4351 1075 4377 =
1100 4319 1240 4408 Pareael.

295 4445 493 4513 Adverbium
515 4444 656 4509 fataliter
680 4441 777 4511 semel
800 4446 969 4529 reperitur:
993 4445 1068 4511 Met
1084 4444 1162 4510 XII.
1179 4451 1230 4511 67.
