3400 5467
802 650 1025 705 -52-

354 820 505 901 seriptum
534 818 688 884 videmus:
717 841 767 883 me
795 841 921 902 quoque
948 822 1015 884 fata
1041 823 1177 904 regunt?
1205 821 1267 898 Qui
1291 822 1378 886 locus
1402 844 1473 887 mea

354 943 480 1035 quidem
503 944 660 1007 sententia
683 945 743 1008 hoc
766 945 861 1008 modo
884 944 1137 1026 interpretandus
1162 950 1218 1010 est.

434 1065 492 1131 Ex
508 1066 589 1130 Met.
606 1066 628 1131 l.
646 1073 707 1131 351
720 1089 801 1151 sqq.;
830 1066 869 1132 Il.
892 1074 1058 1143 638-793
1086 1067 1125 1131 II.
1146 1072 1320 1133 299-306
1349 1075 1440 1135 const
1460 1078 1474 1134 t

354 1214 455 1276 neque
479 1192 614 1256 dubitari
638 1197 743 1276 potest

463 1314 497 1380 1⁰
520 1316 622 1380 fatum
645 1317 727 1380 idern
751 1321 846 1399 atque
869 1315 960 1380 Jovis
983 1317 1069 1381 iussa
1091 1317 1163 1381 sint.

462 1439 497 1505 2⁰
519 1442 620 1505 fatum
636 1441 784 1525 Juppiter
799 1442 934 1505 retinere
948 1447 1043 1525 atque
1052 1441 1222 1525 prohibere
1230 1442 1331 1527 possit
1341 1464 1472 1526 eamque

522 1566 562 1629 ob
586 1588 652 1630 rem
674 1566 706 1629 id
730 1565 848 1629 ineius
872 1570 1028 1647 potestate
1051 1568 1100 1631 sit.
1197 1539 1200 1544 Ι

430 1652 590 1775 ¹Juppiter
614 1714 631 1754 a
655 1712 718 1773 quo
743 1712 863 1755 errores
887 1695 920 1755 et
941 1692 1103 1755 hominum
1128 1692 1206 1755 vitia
1221 1713 1285 1756 non
1301 1692 1472 1755 abhorrent

354 1813 393 1901 [ἕ.
419 1821 468 1879 18.
492 1813 572 1903 Nu]
598 1816 707 1879 orbern
735 1819 891 1878 terrarum
920 1820 951 1880 et
979 1814 1150 1899 Olympum
1182 1838 1238 1899 per
1262 1816 1474 1893 ambitionem,

353 1940 502 2026 opinione
525 1940 751 2021 praeiudicata,
780 1942 906 2023 qualem
929 1946 1082 2023 punctum
1105 1941 1256 2023 temporis
1280 1946 1312 2004 et
1334 1962 1472 2005 momen·

352 2069 420 2127 tum
444 2064 557 2147 giguit,
579 2085 689 2148 regere
712 2068 827 2147 posset,
851 2065 906 2128 sed
926 2069 962 2128 ut
985 2065 1167 2129 hominibus
1184 2066 1311 2148 deisque
1327 2069 1475 2147 regnaret

353 2189 473 2252 iustitia
497 2189 642 2253 absoluta
665 2211 701 2252 ac
722 2188 858 2271 simplici
873 2189 1069 2266 necessitate,
1093 2190 1258 2254 hominum
1273 2190 1349 2267 fata,
1371 2195 1473 2254 sortes

352 2314 386 2377 in
413 2313 533 2377 tubulis
560 2313 719 2397 inscripsit
747 2314 875 2396 deisque
903 2314 990 2397 leges
1018 2336 1130 2379 aeneas
1159 2315 1257 2394 dedit,
1289 2337 1368 2397 quas
1393 2313 1473 2378 nihil

352 2460 456 2520 neque
480 2438 647 2521 quisquam
670 2460 815 2521 rumpere
843 2443 956 2521 potest.
1003 2438 1131 2504 Reduco
1159 2439 1261 2503 solum
1288 2440 1322 2502 in
1344 2438 1474 2503 lectoris

352 2562 492 2627 animum

460 2687 534 2751 Met.
551 2685 636 2751 XIV.
655 2694 732 2752 785:
756 2739 762 2751 .
787 2738 793 2750 .
819 2740 825 2751 .
850 2738 857 2751 .
880 2710 982 2771 neque
1011 2688 1093 2752 enim
1117 2689 1190 2753 licet
1212 2688 1303 2752 irrita
1325 2688 1472 2770 cuiquam

753 2811 839 2875 facta
863 2811 914 2875 dei
935 2811 1046 2877 fecisse
1070 2813 1141 2889 de03
1165 2816 1196 2876 et

460 2938 534 3003 Met.
550 2935 605 3002 lll.
624 2944 696 3017 336,
720 2959 782 3020 quo
810 2936 958 3019 Juppiter
986 2938 1124 3003 Tiresiae
1157 2939 1321 3003 oculorum
1352 2938 1475 3002 lumina

718 3063 846 3126 reddere
870 3066 987 3143 posset,
1009 3063 1063 3126 sed

719 3235 832 3253 .....
844 3186 1021 3252 rescindere
1043 3208 1195 3270 umquam

630 3298 632 3303 ¹
720 3313 766 3375 di's
790 3313 866 3376 licet
889 3317 959 3377 acta
983 3314 1083 3388 deum,

353 3442 385 3501 et
407 3459 464 3519 pro
488 3437 606 3501 lumine
630 3437 780 3520 adempto.
800 3436 879 3499 scire
902 3435 1010 3500 futura
1033 3435 1126 3499 dedit.

361 3602 364 3609 ,
443 3561 582 3637 Quarum
597 3562 704 3646 legum
722 3583 889 3625 aenearum
905 3561 1049 3624 custodes
1065 3565 1097 3624 et
1108 3565 1343 3624 conservatores
1358 3559 1474 3625 Parcas

353 3686 497 3769 imponit,
522 3707 602 3768 quae
625 3685 709 3749 filiae
733 3684 960 3767 omnipotentis
985 3687 1015 3748 et
1030 3683 1188 3760 Justitiae‚
1210 3684 1355 3769 integrae
1371 3686 1473 3748 omni-

354 3816 415 3893 que
438 3809 608 3893 largitione
624 3809 807 3886 resistentis,
831 3832 870 3871 ex
885 3809 975 3871 nullo
992 3809 1172 3891 pendebant
1187 3808 1364 3891 quibusque
1379 3830 1473 3872 nemo

353 3935 394 3999 ad
417 3935 486 3998 hoc.
499 3934 600 4017 magis
622 3934 752 3998 idoneus
777 3938 851 3997 erat.
882 3932 1032 4016 Juppiter
1055 3937 1161 3997 autem
1185 3938 1222 4022 ut
1244 3937 1347 3996 rector
1371 3934 1473 3997 homi·

353 4082 491 4143 numque
516 4060 670 4144 deumque
694 4059 736 4125 sit
759 4060 898 4142 optimus
922 4065 1017 4143 atque
1039 4058 1296 4141 perfectissimus,
1320 4079 1359 4121 ne
1374 4057 1474 4122 animi

353 4186 568 4268 concitatione,
586 4185 757 4268 cupiditati,
773 4186 951 4267 temeritati,
969 4184 1078 4268 quales
1089 4205 1181 4267 saepe
1191 4203 1339 4265 praesens
1347 4186 1473 4266 tempus

353 4311 467 4395 gignit,
490 4334 522 4375 se
546 4310 717 4395 indulgeat,
741 4332 774 4373 se
797 4310 901 4393 ipsum
924 4310 963 4372 iis
984 4308 1088 4373 aeneis
1104 4307 1230 4392 legibus
1246 4307 1367 4386 subicit,
1392 4329 1473 4390 quae

258 4442 266 4452 ’
353 4437 451 4501 eade
475 4459 508 4499 re
532 4457 604 4499 cum
628 4460 646 4499 a
669 4435 858 4500 mortalibus
882 4441 949 4498 tum
973 4458 992 4496 a
1016 4433 1202 4497 caelestibus
1225 4454 1397 4508 summum,
1424 4432 1486 4502 in·‚

278 4582 280 4590 ’
353 4562 493 4629 flexibile
517 4567 612 4645 atque
635 4548 847 4642 insuperabile
871 4560 1036 4623 habentur.

442 4686 535 4751 Nunc
566 4688 761 4773 revertamur
793 4684 832 4747 ad
865 4684 940 4747 Met.
966 4682 1019 4747 IX.
1042 4690 1115 4748 432.
1171 4682 1242 4747 Hoc
1273 4682 1344 4746 loco
1376 4681 1470 4746 Jolao
