3400 5467
819 642 1041 701 ..32-

371 836 459 879 suem
482 812 560 880 fecit
581 811 741 879 Junonom
764 818 796 879 et
819 835 858 878 ex
881 835 919 879 ee
941 813 1073 897 aliisque
1096 813 1330 879 immortalibus
1353 818 1386 877 et
1408 834 1492 877 mor·

372 938 491 1013 talibus
514 943 635 1004 ceteros
659 938 733 1003 deos
756 938 894 1023 deasque
916 938 1100 1022 procreavit.

464 1062 533 1129 NB.
558 1063 673 1129 Divina
694 1062 785 1153 Jovis
800 1064 922 1129 'natura
944 1064 1138 1149 seiungende
1159 1067 1208 1128 est
1226 1064 1266 1128 ab
1282 1063 1429 1143 humana,
1452 1063 1494 1127 sb

373 1188 519 1253 omnibus
535 1188 619 1253 vitiis
635 1189 857 1273 erroribusque
872 1188 1045 1267 hominum,
1066 1187 1181 1272 quibus
1197 1188 1320 1273 antiqui
1334 1209 1493 1252 summum

372 1315 502 1379 deorum
527 1314 690 1380 ornabant
732 1313 808 1379 Huc
830 1313 991 1397 pertinent
1012 1318 1173 1379 sescentae
1188 1312 1325 1394 fabulae,
1347 1314 1402 1378 ubi
1416 1311 1494 1396 Jup-

372 1440 456 1524 piter
477 1440 601 1525 puellas
628 1438 722 1516 ludit,
750 1440 805 1504 ubi
831 1440 1014 1521 inopinatus
1043 1444 1076 1504 et
1101 1439 1293 1523 improvisus
1320 1461 1340 1502 a
1361 1438 1496 1523 coniuge

374 1587 430 1629 sua
462 1564 720 1648 deprehenditur;
751 1565 814 1629 huo
846 1565 943 1629 etiam
975 1564 1074 1629 refert
1105 1564 1139 1629 F.
1160 1564 1200 1629 II.
1223 1569 1398 1629 588—610
1432 1584 1495 1648 quo

374 1689 486 1754 Larem
511 1710 582 1753 eum
604 1689 800 1772 proditurum
824 1690 959 1774 ignorat

794 2116 838 2229 O.
881 2117 1075 2231 Fatum.

468 2437 520 2501 Ad
544 2438 784 2523 significandam
807 2438 867 2503 feti
891 2436 956 2501 vim
980 2438 1104 2503 diverse
1125 2445 1319 2520 usurpentur
1335 2436 1498 2501 vocabule.

288 2575 360 2647 81⁹
467 2563 486 2646 ξ
512 2568 562 2625 19.
608 2560 684 2627 Sors
707 2560 802 2647 [sero.
826 2560 960 2647 sertum]
986 2584 1006 2626 e
1028 2561 1125 2628 verbo
1148 2561 1300 2627 sortiendi
1316 2582 1385 2626 eam
1401 2560 1495 2646 signi-

380 2686 558 2752 ficationem
582 2687 759 2752 naturalem
783 2691 816 2751 et
838 2686 1047 2771 principalem
1070 2686 1194 2752 retinet.

487 2812 562 2876 Met.
579 2810 665 2879 XIV.
682 2817 760 2876 251:
783 2816 868 2877 sorte
900 2834 1008 2877 sumus
1040 2812 1128 2892 lecti,
1160 2834 1227 2880 sors
1260 2835 1310 2896 me
1341 2813 1502 2895 fidumque

1374 2937 1501 3002 Politen

407 3120 419 3131 .
782 3063 1063 3148 Eurylochumque
1086 3064 1179 3128 simul
1203 3115 1210 3128 .
1234 3116 1241 3129 .
1266 3116 1272 3129 .
1297 3114 1304 3128 .
1327 3062 1421 3127 misit.

381 3189 501 3253 Eodem
521 3209 613 3253 sensu
630 3187 704 3251 Met.
725 3186 759 3251 V.
777 3193 855 3266 318;
879 3186 967 3253 VIII.
985 3194 1112 3253 170-1
1139 3186 1225 3253 ΧΙΙΙ.
1242 3194 1298 3264 88;
1322 3195 1400 3265 242;
1425 3192 1503 3260 277;

777 3320 839 3377 485
865 3312 904 3379 A.
920 3313 1088 3379 A.L581.

432 3439 467 3524 b)
491 3438 628 3518 oracula,
652 3438 743 3523 dicte,
766 3439 854 3502 iussa
876 3440 1007 3503 deorum
1031 3440 1221 3524 significans.

490 3564 566 3629 Met.
583 3564 606 3630 I.
625 3568 703 3641 381;
725 3567 814 3628 mota
839 3563 897 3627 dee
920 3568 977 3642 est,
1001 3569 1120 3629 sortem
1145 3564 1237 3630 dedit.

491 3688 577 3753 Idem
595 3688 670 3754 Met.
680 3687 734 3753 IV.
746 3694 808 3752 642
820 3687 892 3775 [bis]
903 3688 940 3753 X.
953 3696 1015 3753 567
1033 3688 1087 3753 XI.
1099 3696 1162 3753 412
1179 3689 1265 3756 XIII.
1279 3697 1339 3755 184
1350 3690 1421 3755 XV.
1432 3696 1505 3765 436;

494 3820 571 3891 632;
596 3819 674 3889 647;
697 3811 731 3875 F.
747 3810 787 3876 II.
805 3818 868 3876 713
893 3812 928 3878 F.
944 3811 1000 3878 III.
1018 3820 1082 3879 804
1104 3814 1137 3879 F.
1153 3813 1208 3880 IV.
1226 3821 1288 3880 197
1304 3816 1347 3881 H.
1357 3814 1506 3881 Xfllos.

445 4008 448 4013 ,
492 3937 598 4004 Etiam
622 3938 657 4004 F.
672 3936 728 4003 III.
746 3945 808 4002 855
834 3960 891 4021 pro
917 3960 979 4022 quo
1004 3946 1068 4004 860
1091 3940 1177 4005 insse
1199 3938 1354 4006 scribitur.

494 4063 568 4129 Sors
591 4067 624 4128 et
646 4063 773 4129 oracula
796 4064 921 4147 saepius
944 4087 1007 4128 una
1030 4065 1239 4131 inveniuntur.

493 4189 568 4254 Met.
585 4188 608 4254 I.
626 4195 703 4255 389:
727 4189 824 4253 verba
847 4191 939 4254 datae
968 4191 1062 4255 sortis
1091 4212 1197 4255 secum
1224 4191 1307 4256 inter
1334 4214 1430 4276 seque
1452 4213 1506 4256 vo-

726 4315 831 4380 lutent

495 4462 566 4505 cum
589 4440 663 4505 Met.
679 4439 702 4505 I.
721 4447 783 4505 392
809 4441 846 4504 de
870 4441 982 4506 iisdem
1005 4440 1100 4506 rebus
1123 4440 1259 4506 dicatur:

808 4616 814 4629 .
840 4617 846 4629 .
871 4616 878 4630 .
902 4619 909 4631 .
932 4566 1057 4630 nullum
1079 4566 1127 4630 fas
1152 4566 1282 4633 oracula
1304 4568 1445 4631 suadent.

495 4691 583 4757 Idem
603 4691 678 4757 Met.
694 4692 718 4758 I.
736 4697 814 4757 321:
915 4693 1045 4757 Themis
1061 4714 1142 4777 quae
1157 4696 1234 4757 tuno
1251 4694 1358 4757 creole
1373 4693 1508 4758 tenebat.
