3400 5467
684 684 907 743 -21-

613 854 768 934 scivisset,
804 861 870 920 tam
907 856 1032 921 incaute
1071 862 1104 921 et
1139 855 1356 940 imprudenter

612 1002 676 1045 non
701 982 824 1067 egisset.

315 1105 389 1171 Met.
405 1104 445 1172 ΙΙ.
464 1110 592 1177 124-,5
617 1128 818 1191 nequaquam
840 1106 1025 1173 Phaetontis
1049 1117 1184 1173 mortem
1206 1108 1356 1191 praesciit

617 1233 671 1297 sed
694 1235 822 1315 pectore
838 1232 937 1316 patris
953 1232 1091 1297 sollicito
1108 1232 1146 1297 de
1161 1233 1280 1298 insanis
1295 1232 1356 1298 filii

616 1357 785 1441 postulatis
808 1358 944 1441 suspiria
967 1359 1090 1443 repetit

315 1480 390 1547 Mat.
406 1480 461 1547 IV.
479 1488 620 1566 192sqq.
644 1482 775 1547 dubium
795 1487 843 1549 est
866 1506 908 1548 an
923 1483 979 1550 Sol
995 1484 1041 1548 ita
1064 1484 1189 1569 egisset,
1212 1484 1239 1547 si
1261 1484 1356 1547 mise·

552 1607 654 1672 rabile
675 1607 777 1671 fatum
801 1606 997 1674 Leucothoes
1020 1592 1216 1692 praescisset.

315 1730 390 1796 Alio
415 1736 521 1797 autem
544 1733 639 1797 modo
662 1732 934 1816 interpretandum
958 1739 1006 1799 est
1029 1736 1068 1799 A.
1085 1734 1123 1799 A.
1138 1732 1180 1810 ΙΙ.
1198 1739 1275 1798 573:
1299 1732 1355 1816 qui

315 1856 422 1921 Solem
448 1856 560 1922 fallere
582 1857 703 1943 possit?
731 1858 787 1923 Sol
810 1859 872 1923 diei
899 1858 1007 1923 lumen
1031 1858 1138 1923 omnia
1159 1858 1245 1922 videt
1273 1879 1354 1941 quaa

314 1981 462 2046 accidunt
484 2004 583 2066 eaque
606 1983 644 2047 de
667 2003 761 2047 causa
783 1982 854 2049 falli
877 2004 941 2048 non
964 1988 1079 2067 potest.

232 2104 326 2171 Ceres
343 2106 418 2172 Met.
434 2106 474 2171 V.
491 2114 554 2173 438
565 2130 634 2192 sqq.
658 2112 690 2172 et
712 2107 746 2173 F.
762 2107 818 2175 IV.
836 2114 1012 2173 455-620
1038 2108 1185 2173 omnibus
1208 2107 1243 2170 in
1261 2106 1355 2172 terris

567 2234 691 2316 quaerit
718 2232 941 2318 Proserpinam
970 2238 1003 2298 et
1020 2233 1096 2298 Met.
1109 2232 1221 2299 V.572
1254 2232 1355 2296 nescit

568 2380 624 2423 our
652 2358 812 2433 Arethusa
841 2358 962 2443 fugerit
987 2379 1140 2442 versaque
1168 2358 1201 2421 in
1229 2377 1354 2421 sacrum

566 2482 687 2547 fontem
712 2484 761 2549 ait.

231 2606 367 2673 Inachus
390 2608 465 2675 Met.
481 2607 495 2672 I
514 2614 576 2671 585
601 2656 609 2672 .
635 2661 641 2673 .
667 2660 672 2672 .
697 2661 703 2673 .
728 2608 829 2673 nescit
851 2609 957 2674 vitane
979 2610 1104 2675 fruatur

587 2747 644 2799 'an
669 2734 711 2798 sit
734 2735 817 2818 apud
840 2756 957 2801 manes.
982 2734 1053 2821 [Jo]

231 2857 300 2923 Pau
320 2858 396 2923 Met.
412 2857 436 2924 Ι.
454 2864 516 2925 700
527 2880 594 2943 sqq.
618 2858 787 2944 Syringam
811 2860 984 2944 nympham
1013 2861 1157 2944 sequitur
1178 2863 1215 2923 ut
1238 2857 1267 2922 ei
1289 2858 1354 2922 vim

438 3053 442 3059 ,
526 2988 626 3068 paret.
672 2983 728 3051 Sin
751 2990 858 3062 autem
881 2985 1024 3050 scivisset
1046 2984 1107 3049 sibi
1123 3003 1199 3068 prae
1215 2984 1355 3067 nympha

527 3131 622 3173 unam
638 3131 770 3174 cannam
788 3110 821 3175 in
837 3110 983 3175 manibus
999 3110 1148 3188 futuram,
1170 3130 1233 3172 non
1249 3107 1354 3171 minus

526 3232 696 3317 Syringam
742 3237 926 3317 persecutus
967 3237 1049 3297 esset
1090 3253 1187 3316 quam
1233 3231 1355 3314 Apollo

527 3358 685 3442 Daphnen
722 3362 754 3423 et
790 3358 1024 3423 consectatione
1056 3357 1138 3422 nihil
1169 3358 1354 3442 proficiente

527 3483 706 3549 destitisset.

231 3608 341 3692 Pelagi
357 3608 433 3673 (leus
449 3608 523 3673 Met.
538 3608 579 3674 II.
597 3615 739 3693 574sqq.
763 3608 939 3673 Coroneum
966 3612 1093 3673 secutus
1119 3630 1183 3673 non
1207 3613 1296 3685 esset
1327 3608 1355 3673 si

672 3733 828 3818 virginem
836 3733 871 3797 in
880 3754 1009 3799 comum
1019 3733 1138 3798 severti
1147 3732 1353 3817 praesciisset

230 3855 337 3923 Pallas
356 3858 430 3923 Met.
441 3856 479 3924 V.
491 3864 631 3943 294sqq.
651 3882 715 3923 non
732 3860 939 3943 quaesivisset
954 3882 973 3924 a
988 3859 1086 3925 musis
1102 3860 1266 3927 historiam
1281 3858 1354 3924 VII.

559 3985 711 4067 picarum,
734 3985 762 4050 si
784 3985 927 4070 praescia
950 3989 1032 4049 esset
1055 3986 1187 4051 venturi.

230 4106 340 4173 Venus
363 4108 438 4174 Met.
454 4108 492 4173 X.
510 4116 573 4174 640
585 4131 654 4193 sqq.
677 4131 741 4174 non
770 4109 941 4175 adiuvisset
964 4109 1160 4193 Hipponem,
1188 4111 1216 4174 si
1244 4110 1353 4175 scisset

589 4258 661 4300 eum
684 4258 718 4301 se
740 4236 905 4301 falsurum.

364 4358 439 4425 Met.
455 4359 493 4425 X
511 4366 573 4425 708
586 4382 654 4445 sqq.
671 4359 814 4425 Adonem
830 4383 896 4425 non
911 4359 1101 4444 reliquisset,
1116 4361 1144 4424 si
1158 4361 1224 4424 eius
1240 4360 1354 4424 mortis

584 4487 726 4570 praescia
749 4491 838 4551 esset.

363 4607 439 4673 Met.
454 4608 511 4675 IV.
530 4615 704 4675 171-189
734 4610 820 4675 Mars
859 4632 931 4675 eum
970 4610 1096 4675 Venere
1134 4610 1252 4674 lectum
1289 4630 1353 4675 non

733 4727 896 4819 petiisset,¹
927 4737 954 4800 si
991 4735 1172 4801 Vulcanum
1210 4757 1263 4800 eos
1300 4736 1353 4800 de-
