3400 5467
682 424 905 485 ...33-

340 594 415 660 Met
431 594 455 661 I.
473 602 551 661 368:
579 648 657 663 ....
681 598 834 662 auxilium
862 620 920 683 per
941 620 1047 665 sueres
1070 622 1220 684 quaerere
1243 607 1353 669 sortes.

284 720 314 804 o)
339 720 422 785 idem
445 722 530 787 velet
554 726 650 808 etque
673 702 783 809 genus.
827 723 896 789 Met
910 724 966 791 Vl.
984 731 1061 791 679:
1085 726 1282 792 Erechtheus

552 850 706 931 quattuor
742 848 798 913 ille
836 849 964 932 quidem
995 850 1124 915 iuvenes
1155 852 1353 938 totidemque

553 975 676 1035 crearat
697 970 852 1036 femineae
876 972 979 1037 sortis.

338 1092 413 1159 Met.
437 1092 490 1158 ln
507 1092 692 1180 679Ligdus
714 1096 863 1181 gravidae
885 1097 1030 1181 coniugis
1053 1120 1144 1163 eures
1163 1100 1214 1165 his
1229 1102 1352 1167 monuit

571 1218 688 1285 verbis:

573 1396 581 1409 .
605 1396 613 1409 .
637 1396 643 1410 .
667 1396 674 1409 .
698 1346 860 1410 onerosior
882 1346 982 1412 altere
1005 1370 1075 1413 sors
1098 1353 1155 1428 est,

574 1473 606 1534 et
629 1469 710 1534 vires
733 1468 861 1535 fortuna
882 1476 989 1556 negat

336 1590 444 1657 Etiam
467 1591 542 1659 Met.
559 1592 615 1659 III.
634 1600 696 1657 329
721 1589 875 1659 Tiresias:

497 1765 505 1783 .
530 1769 537 1783 .
562 1770 568 1783 .
593 1770 599 1783 .
624 1724 671 1783 est
694 1724 816 1783 vestroe
839 1720 873 1783 in
895 1724 987 1785 tonte
1008 1721 1151 1804 potentie
1173 1721 1296 1806 plagae,

496 1843 585 1922 dixit,
607 1847 644 1907 ut
666 1844 804 1909 auctoris
827 1849 945 1909 sortem
968 1846 1003 1909 in
1025 1846 1186 1911 contraria
1208 1852 1322 1925 mutet:

494 1991 579 2033 nuno
602 1990 729 2053 quoque
752 1993 808 2036 vos
831 1970 971 2057 seriem..

336 2091 488 2157 Similiter
511 2093 545 2158 F.
562 2092 616 2158 VI.
634 2101 689 2159 3οε
714 2146 720 2160 .
745 2148 751 2160 .
776 2148 782 2161 .
807 2147 814 2161 .
838 2095 967 2161 Saturni
995 2118 1062 2161 sors
1090 2117 1149 2181 ego
1177 2097 1279 2181 prima
1301 2098 1348 2162 fui

711 2248 751 2275 =
775 2225 858 2285 nata.

277 2340 310 2424 d)
334 2341 495 2425 signifieat
521 2342 589 2407 foto
617 2344 840 2427 praestitutum
869 2344 1049 2430 mirumque
1072 2344 1105 2408 in
1128 2345 1258 2409 modum
1280 2346 1349 2431 ple·

333 2488 466 2550 rumque
490 2467 528 2531 de
552 2468 611 2532 diis
633 2473 812 2551 usurpatur.

334 2592 410 2657 Met.
427 2591 466 2657 ΙΙ.
484 2596 563 2657 291:
586 2643 594 2657 .
617 2642 624 2656 .
649 2642 656 2657 .
680 2644 687 2658 .
711 2615 767 2658 our
789 2593 837 2658 illi
861 2594 977 2670 tradita
1001 2598 1086 2688 sorte

585 2740 723 2802 aequora
755 2718 957 2784 decrescunt?
990 2718 1098 2783 Tellus
1131 2721 1169 2783 de
1195 2719 1346 2803 Neptuno

475 2918 476 2921 Ἴ
584 2843 667 2908 dicit.

333 2967 408 3032 Met.
425 2966 463 3033 V.
480 2974 543 3031 529
568 2967 715 3051 Juppiter
737 2969 775 3031 de
798 2967 963 3051 Neptuno:

568 3113 626 3156 nec
650 3092 733 3157 cedit
756 3092 818 3156 nisi
841 3097 927 3157 sorte
950 3092 1037 3157 mihi.

333 3216 406 3281 Met.
423 3216 463 3282 Π.
481 3224 544 3281 386
569 3217 626 3282 Sol
649 3218 687 3281 do
710 3239 743 3281 se
765 3215 850 3300 ipso:

567 3364 636 3407 sors
659 3364 729 3406 meo
751 3342 903 3426 principis
925 3341 987 3405 fuit
1009 3340 1194 3425 inrequieta.

332 3467 406 3532 Met.
422 3467 461 3532 V.
480 3474 542 3532 272
567 3489 631 3531 una
654 3468 691 3532 de
715 3467 826 3531 musis:

567 3598 693 3677 gratam
717 3597 833 3657 sortem
858 3644 865 3656 .
889 3643 896 3657 .
921 3641 928 3656 .
951 3642 958 3655 .
982 3592 1144 3657 habemus.
1269 3666 1275 3669 ,

330 3716 452 3781 Deinde
475 3717 571 3782 etiem
594 3718 633 3781 de
655 3717 837 3782 hominibus
861 3717 984 3781 dieitur.
1019 3716 1094 3781 Met.
1110 3715 1151 3782 Π.
1169 3724 1209 3780 56
1234 3715 1291 3782 Sol
1307 3717 1344 3780 de

473 3840 663 3909 Phaetonte:
692 3862 760 3905 sors
783 3847 838 3906 tue
861 3841 1019 3920 mortalis,
1042 3862 1107 3904 non
1131 3844 1179 3904 est
1201 3840 1344 3918 mortulo,

472 3966 557 4049 quod
581 3970 680 4049 optas.

330 4090 406 4155 Met.
421 4089 477 4155 III.
495 4097 555 4155 551
582 4091 756 4155 Pentheus:

583 4268 589 4281 .
614 4270 620 4281 .
644 4267 652 4281 .
676 4266 682 4280 .
707 4238 776 4281 sors
800 4215 959 4299 querenda
981 4236 1046 4278 non
1069 4212 1199 4277 celanda
1222 4213 1312 4279 foret.

330 4340 434 4406 Simili
457 4342 550 4406 modo
575 4340 616 4405 H.
631 4340 731 4407 XVII.
750 4346 812 4405 113
837 4340 961 4405 Helene
984 4339 1022 4403 de
1045 4360 1078 4402 se
1101 4338 1183 4421 ipsa:

458 4465 512 4530 sed
536 4465 612 4543 sine,
636 4486 731 4547 quam
753 4463 867 4529 tribuit
889 4468 1007 4528 sortem
1030 4460 1181 4541 Fortuna,
1203 4462 1294 4527 tueri.

275 4580 443 4631 Fabricius,
459 4580 494 4619 De
509 4580 553 4619 diis
567 4579 615 4618 feto
629 4579 740 4627 Joveque.
1201 4567 1218 4623 3
