3400 5467
828 650 1048 709 ..30-

376 826 412 889 ut
439 844 512 887 eum
540 842 577 888 eo
605 828 788 908 querantur.
836 822 953 909 Jurgia
980 845 1089 889 eorum
1116 827 1149 889 et
1175 823 1385 892 dissensiones
1413 844 1498 892 oom-

376 948 472 1031 ponit.
518 948 593 1015 Met.
609 947 650 1013 V.
671 954 734 1017 510
750 971 819 1034 sqq.
842 947 936 1015 Ceres
959 971 1032 1017 cnm
1054 971 1092 1015 6ο
1115 950 1320 1034 conqueritur
1350 949 1450 1019 filiam
1479 973 1499 1018 a

376 1070 512 1137 Plutone
535 1076 668 1155 raptam.
714 1071 810 1138 Cuius
833 1073 960 1145 decreto
984 1072 1058 1138 Met.
1074 1071 1114 1138 V.
1131 1079 1281 1138 564-71
1308 1074 1499 1157 Proserpina

375 1219 430 1262 sex
454 1220 576 1263 menses
599 1220 669 1263 cum
693 1202 804 1277 matre,
827 1197 960 1263 totidem
984 1220 1057 1265 cum
1072 1199 1206 1285 coniuge
1221 1200 1264 1289 sit
1279 1198 1374 1267 Ceres
1389 1204 1497 1265 tacens

376 1324 582 1407 obtemperat.
627 1323 724 1389 Laeta
746 1324 823 1388 deae
846 1322 935 1388 frons
959 1328 1020 1402 est;
1043 1345 1105 1389 non
1129 1323 1363 1409 ignoratlovis
1380 1347 1497 1389 numen

376 1448 576 1531 omnipotens
593 1448 722 1534 eiusque
739 1448 961 1514 auctoritatem
977 1448 1044 1513 sine
1061 1449 1285 1533 prouocatione
1302 1470 1380 1517 esse.
1410 1448 1498 1514 Idem

289 1626 294 1635 .
375 1572 409 1637 F.
425 1572 481 1638 IV.
500 1578 651 1657 587.sqq.

286 1705 356 1774 §18
464 1700 483 1783 ᾖ
509 1704 558 1763 18.
603 1698 688 1763 Deos
716 1701 823 1765 autem
850 1698 1047 1763 immortales
1073 1698 1239 1764 inferiores
1261 1697 1415 1784 Jovisque
1437 1700 1497 1768 im·

373 1822 463 1906 perio
486 1823 644 1889 subiectos
668 1844 735 1887 esse
759 1822 903 1908 intellegi
925 1827 1030 1908 potest
1049 1822 1145 1889 etiam
1160 1846 1199 1889 ex
1215 1845 1262 1904 eo,
1286 1826 1372 1907 quod
1388 1846 1498 1891 omnes

334 2016 339 2023 ,
374 1946 440 2013 fere
464 1949 513 2012 dei
535 1949 652 2033 partim
675 1950 789 2015 fratres
813 1954 845 2015 et
867 1971 1000 2033 sorores,
1023 1950 1139 2034 partim
1163 1951 1230 2016 eius
1252 1951 1346 2017 liberi
1369 1952 1442 2016 sint.

463 2073 553 2139 Jovis
580 2074 672 2141 liberi
700 2080 787 2141 runt:
817 2076 992 2141 Mercurius
1016 2098 1054 2141 ex
1077 2077 1180 2141 Maria
1202 2078 1277 2143 Met.
1292 2076 1333 2143 11.
1351 2084 1498 2152 743-4;

374 2198 449 2265 Met.
459 2198 500 2265 Π.
511 2205 573 2264 685
591 2200 625 2266 F.
637 2199 673 2264 V.
686 2207 804 2265 86-8.
842 2200 988 2266 Bacchus
1011 2223 1050 2267 ex
1065 2201 1188 2267 Semele
1204 2201 1278 2269 Met
1288 2201 1344 2269 111.
1355 2208 1495 2286 260655.

286 2400 291 2406 ‚
373 2325 424 2389 Ex
455 2324 580 2390 lunone
612 2325 703 2391 Hebe
735 2326 810 2391 Met.
828 2325 884 2391 IX
902 2332 965 2391 400
999 2331 1032 2392 61
1062 2326 1225 2393 Vulcanus
1257 2328 1333 2394 Met.
1349 2327 1404 2393 IV.
1424 2334 1497 2395 173.

374 2450 517 2517 Minerva
540 2452 574 2517 F.
590 2451 646 2516 111.
663 2457 725 2517 841
753 2452 791 2516 de
816 2452 929 2536 eapitis
951 2434 1215 2537 paterni'vertice
1230 2475 1304 2519 cum
1319 2454 1421 2538 clipeo
1437 2476 1494 2519 sno

373 2578 556 2661 prosiluisse
579 2578 688 2643 fertur.
734 2576 821 2643 Idem
845 2578 880 2642 F.
896 2576 936 2642 V.
953 2583 1016 2643 231
1041 2600 1109 2663 sqq.
1138 2582 1171 2643 et
1192 2580 1263 2645 vide
1285 2580 1362 2645 Met.
1378 2579 1434 2645 Vl.
1453 2586 1491 2645 51

374 2707 406 2768 61
433 2703 509 2768 Met.
524 2702 579 2769 lV.
596 2709 670 2768 799.
716 2702 850 2768 Perseus
879 2725 917 2766 ex
945 2703 1055 2768 Danae
1082 2703 1157 2769 Met.
1172 2703 1228 2769 IV.
1246 2708 1318 2769 160.
1365 2704 1492 2770 Proser·

373 2829 448 2913 pina
471 2851 509 2893 ex
532 2828 643 2893 Cerere
666 2826 797 2893 Μ61.11.
816 2832 879 2891 514
904 2831 936 2891 et
959 2826 993 2891 F.
1009 2826 1064 2893 IV.
1082 2834 1154 2893 587.
1191 2828 1242 2895 Ex
1266 2828 1377 2895 Cerere
1400 2830 1494 2896 etiam

249 2974 250 2979 ¹
373 2953 486 3023 Plutus
524 2954 589 3020 Ibis
629 2960 702 3020 417.
757 2953 913 3018 Hercules
945 2976 984 3018 ex
1016 2955 1169 3019 Alcmene
1201 2955 1276 3021 Met.
1297 2954 1366 3021 XV.
1389 2928 1428 3021 12
1464 2962 1497 3021 61

372 3079 448 3145 Μ61.
463 3079 518 3145 IX
534 3086 608 3145 229.
638 3078 747 3144 Venus
770 3077 846 3144 Met.
863 3077 948 3144 XIV.
966 3085 1029 3143 605
1047 3082 1079 3142 61
1094 3078 1169 3143 Met.
1178 3078 1248 3144 XV.
1259 3086 1333 3145 808.
1371 3080 1412 3147 H.
1423 3079 1494 3147 Vll.

374 3213 429 3271 60:
452 3206 536 3271 unda
559 3204 753 3290 Cytheriacis
777 3205 862 3270 edita
884 3204 986 3303 fertur
1008 3204 1098 3288 aquis
1122 3210 1154 3269 et
1177 3206 1211 3271 F.
1226 3204 1281 3270 IV.
1299 3212 1339 3271 62
1362 3210 1394 3271 et
1411 3211 1451 3271 93
1477 3229 1494 3270 e

372 3353 458 3397 mare
482 3337 556 3397 nata
579 3353 646 3395 esse
670 3330 792 3395 dieitur.
823 3315 910 3402 Mars
926 3330 1001 3394 Met.
1011 3328 1096 3394 XIV.
1109 3336 1172 3394 808
1188 3329 1303 3395 Jovem
1317 3331 1494 3415 genitorem

372 3458 546 3542 alloquitur
569 3479 641 3521 cum
665 3455 699 3521 F.
715 3456 755 3521 V.
773 3462 916 3539 245sqq.
945 3455 1030 3519 Mars
1054 3455 1121 3519 sine
1144 3455 1277 3540 coniuge
1300 3476 1339 3519 ex
1359 3454 1495 3521 Junonis

371 3708 492 3773 Latona
515 3707 589 3773 Met.
605 3706 629 3771 Ι.
647 3712 708 3772 517
735 3711 767 3770 et
789 3705 865 3771 Met.
881 3705 935 3772 VI.
953 3712 1017 3770 206
1028 3728 1096 3790 sqq.
1142 3706 1253 3771 Musae
1281 3707 1355 3772 Met.
1375 3705 1411 3771 V.
1428 3712 1492 3771 255

370 3833 532 3917 Apollinis
554 3854 678 3897 sorores
702 3831 911 3915 appellantur.

458 3954 600 4041 Nepotes
615 3955 705 4021 Juvis
729 3961 803 4022 sunt
818 3956 1036 4039 Aesculapius,
1052 3956 1212 4041 Apollinis
1234 3957 1321 4040 filius
1336 3956 1411 4022 Met.
1421 3957 1492 4023 XV.

371 4089 445 4149 638.
491 4082 621 4167 Cupido,
645 4081 779 4147 Veneris
803 4082 888 4148 filius
912 4082 986 4147 Met.
1003 4082 1041 4147 V.
1059 4087 1121 4146 372
1146 4082 1251 4160 Lares,
1266 4082 1418 4147 Mercurii
1434 4082 1492 4145 filii

344 4289 346 4295 Ι
370 4232 408 4273 ex
431 4182 571 4293 nympha
594 4207 674 4272 Lara
697 4208 732 4274 F.
749 4207 788 4272 11.
807 4213 880 4273 615.

459 4334 553 4399 Titan
576 4333 742 4419 Hyperion
764 4338 856 4418 pater
880 4337 927 4398 est
947 4332 1032 4399 Solis
1055 4333 1129 4399 Met.
1139 4332 1270 4399 IV.192
1296 4337 1328 4397 et
1348 4331 1494 4397 Aurorae

369 4460 444 4525 Met.
460 4458 530 4525 XV.
547 4464 609 4524 191
650 4459 705 4543 qui
737 4458 800 4523 iam
833 4481 870 4523 ea
902 4459 941 4523 de
972 4480 1066 4524 causa
1098 4479 1162 4523 uon
1194 4459 1299 4524 solum
1331 4457 1405 4523 Jovi
1436 4457 1491 4523 sed

369 4586 464 4651 etiam
498 4585 568 4649 aliis
596 4585 719 4670 magnis
749 4585 814 4649 deis
845 4584 979 4649 subiecti
1006 4589 1088 4649 sunt.
1134 4583 1223 4649 Circe
1245 4583 1330 4649 Solis
1353 4583 1419 4648 filia
1444 4587 1494 4648 est

368 4711 444 4776 Met.
459 4708 546 4775 XIV.
564 4717 615 4776 33.

371 3586 461 3648 utero
488 3582 629 3667 nympha
652 3581 759 3646 Chlori
790 3580 918 3644 iuvante
935 3571 1076 3644 oriatur.
1120 3579 1240 3664 Apollo
1268 3585 1300 3646 et
1324 3580 1427 3647 Diana
1454 3603 1493 3647 ex
