3400 5467
843 663 1063 721 ..46..

440 833 476 919 b)
500 834 643 899 fatiferus
669 863 708 889 =
733 817 835 897 fatum
859 833 971 897 ferens.

499 958 537 1023 A.
553 958 611 1023 III.
627 958 676 1025 El.
692 958 747 1023 Ill.
765 965 804 1022 27
829 958 956 1023 fatifero
979 980 1061 1025 ense.

499 1082 563 1148 Pro
591 1084 682 1147 fatali
710 1084 776 1147 sive
803 1083 930 1148 fatifero
958 1086 1110 1167 seriptum
1139 1084 1290 1169 legimus:
1322 1084 1399 1149 Met.
1420 1084 1515 1151 XIII.

398 1240 400 1245 ¹
500 1214 563 1272 392
592 1208 721 1272 letalem
749 1228 864 1273 ensem.
914 1207 975 1272 IX.
991 1214 1069 1273 213:
1097 1208 1209 1273 feralia
1237 1209 1320 1273 dona
1347 1208 1418 1274 XII.
1436 1216 1515 1273 606:

498 1331 623 1397 letifera
649 1331 771 1415 spicula
798 1332 873 1397 Met.
894 1332 949 1399 IX.
971 1340 1048 1398 166:
1076 1333 1233 1398 letiferam
1261 1338 1379 1398 vestem
1404 1334 1444 1399 H.
1460 1334 1514 1399 IX.

501 1462 578 1520 141:
601 1456 725 1520 letifero
746 1456 856 1521 Eueno
880 1456 1050 1534 F.l.123;
1077 1457 1203 1522 letifero
1227 1458 1382 1542 sanguine
1405 1457 1441 1523 T.
1457 1457 1515 1523 Ill.

499 1581 549 1646 El.
564 1580 620 1645 Ill.
638 1587 693 1645 81:
715 1580 828 1647 feralia
850 1603 990 1648 numera.

446 1706 475 1790 o)
500 1706 655 1771 faticanus
681 1736 721 1762 =
746 1707 848 1772 fatum
872 1728 996 1771 canens.

501 1832 573 1897 Met.
589 1830 643 1897 IX.
661 1838 738 1897 418:
766 1883 772 1897 .
797 1883 803 1897 .
828 1884 834 1896 .
860 1884 866 1898 .
890 1832 1029 1897 faticano
1054 1829 1176 1896 venturi
1201 1832 1344 1917 praescia
1367 1831 1447 1896 dixit

766 1978 821 2022 ore
841 1957 980 2022 Themis.

441 2081 475 2166 d)
498 2080 647 2145 faticinus
671 2082 753 2145 idem
778 2086 873 2166 atque
897 2081 1064 2147 faticanus.

499 2205 574 2271 Met.
591 2205 661 2269 XV.
679 2212 755 2271 436:
780 2206 937 2271 faticanae
959 2210 1069 2272 sortes.

448 2330 478 2416 e)
502 2330 649 2395 fatidicus
675 2360 715 2387 -ε
740 2331 842 2396 fatum
867 2332 973 2396 dicens

501 2454 575 2519 Met.
583 2453 708 2520 lllsre
726 2454 863 2520 Tiresias
879 2461 975 2521 vates.
999 2455 1188 2522 Matrem:
1204 2456 1334 2520 Themis
1348 2454 1517 2521 ulmea:

504 2580 622 2664 Apollo
651 2579 684 2645 F.
702 2579 740 2649 V.
758 2588 836 2646 626:
863 2584 970 2646 utrum
998 2581 1118 2666 Apollo
1146 2604 1187 2646 an
1213 2580 1363 2665 Iuppiter
1389 2585 1518 2666 petatur

502 2705 535 2767 in
559 2704 655 2768 dubio
680 2709 734 2769 est.

302 2839 376 2911 μθ
484 2830 502 2911 §
528 2835 579 2893 26.
624 2829 673 2893 fas
702 2830 838 2895 eiusdem
867 2830 975 2913 stirpis
1003 2833 1097 2914 atque
1124 2830 1225 2895 fatum
1254 2835 1286 2896 et
1308 2852 1434 2895 sensum
1458 2831 1518 2895 fati

395 2958 426 3017 et
449 2953 512 3016 vim
536 2953 691 3036 perhibet.

502 3076 542 3142 H.
557 3076 644 3142 XIII.
662 3084 716 3143 71:
740 3079 766 3143 si
783 3080 892 3143 eadere
908 3078 1062 3163 Argolico
1078 3080 1127 3143 fas
1143 3083 1191 3158 est
1206 3079 1265 3144 sub
1281 3080 1382 3145 milite
1397 3079 1518 3145 Troum

502 3202 544 3265 H.
560 3201 599 3267 V.
618 3208 674 3267 40:
698 3254 704 3269 .
730 3255 736 3267 .
761 3256 767 3269 .
792 3252 799 3269 .
824 3203 967 3267 constitit
989 3226 1057 3269 esse
1080 3203 1177 3269 nefas.

485 3324 639 3391 Omnibus
663 3332 769 3392 autem
794 3328 924 3411 reliquis
953 3327 1032 3392 loeis
1055 3327 1209 3392 fasidem
1233 3332 1329 3413 atque
1352 3329 1401 3393 ius
1424 3329 1519 3393 valet.

483 3450 554 3517 NB.
577 3451 751 3517 Notatione
781 3452 960 3537 dignissimi
987 3456 1062 3516 sunt
1089 3452 1186 3516 etiam
1215 3453 1277 3517 loci
1300 3453 1415 3536 quibus
1440 3453 1520 3517 duae

393 3574 453 3640 fati
481 3575 726 3659 significationes
758 3600 821 3641 una
852 3576 1055 3641 inveniuntur
1086 3577 1119 3640 in
1143 3577 1315 3661 eodemque
1347 3599 1441 3642 versu
1467 3577 1521 3641 vel

393 3700 558 3764 enuntiato
582 3701 739 3785 leguntur.

503 3824 578 3888 Met.
593 3824 663 3890 XV.
681 3832 758 3890 494:
783 3878 790 3891 .
814 3876 820 3890 .
845 3876 851 3889 .
876 3877 883 3890 .
907 3847 1009 3910 neque
1033 3826 1116 3890 enim
1140 3825 1268 3897 fortuna
1292 3828 1450 3910 querenda

785 3951 924 4015 solatus
940 3954 995 4014 est.
1011 3950 1129 4015 similes
1145 3950 1280 4015 aliorum
1289 3952 1409 4036 respice
1419 3973 1520 4019 casus,

485 4071 521 4137 Id
545 4080 604 4138 est:
632 4074 759 4139 fortuna
782 4079 851 4154 tua,
880 4096 947 4138 sors
971 4074 1030 4138 tibi
1053 4097 1072 4139 a
1095 4074 1161 4139 deis
1184 4074 1337 4140 destituta
1360 4075 1521 4160 querenda

395 4220 460 4262 non
493 4204 552 4277 est,
588 4199 707 4282 respice
740 4198 835 4264 etiam
870 4220 974 4278 casus,
1011 4198 1210 4263 calamitates
1242 4200 1405 4282 malaque,
1437 4222 1520 4284 quae

394 4322 593 4388 immortales
616 4324 687 4389 aliis
710 4324 850 4389 mittunt.
1025 4401 1029 4410 1

503 4449 542 4513 Α.
553 4447 590 4515 ΙΙ.
602 4450 650 4513 ΕΙ.
661 4447 731 4513 XII.
745 4456 798 4514 15:
819 4472 878 4515 neo
895 4472 1002 4513 casum
1018 4449 1147 4515 fortuna
1163 4450 1240 4514 meis
1255 4449 1415 4514 inmiscuit
1431 4450 1519 4514 netis.

486 4572 636 4653 Fortuna,
653 4574 730 4639 levis
745 4574 1000 4658 atquevolubilis
1017 4575 1075 4638 dea
1090 4596 1155 4638 non
1171 4575 1295 4653 fortem,
1311 4596 1374 4637 non
1389 4595 1519 4637 oaeoum

395 4718 505 4760 oasum
527 4697 687 4764 inmiscuit
710 4700 796 4763 actis.
843 4698 964 4762 Eodem
986 4719 1080 4762 sensu
1104 4697 1140 4763 T.
1157 4697 1197 4762 V.
1212 4698 1261 4763 Ill.
1278 4696 1347 4761 XII.
1367 4706 1394 4765 5.

1669 4545 1671 4670 l

1617 4792 1620 4795 ·
