3400 5467
663 679 887 738 ..51-

215 852 270 916 ffla
299 852 381 916 vitae
409 852 497 917 dant:
526 851 562 916 Τ.
578 851 618 917 V.
639 851 687 916 El.
703 851 742 916 X.
759 860 815 929 45;
844 849 1060 917 A.1.E1.111.·
1078 856 1132 928 17;
1156 850 1196 914 H.
1212 849 1284 915 XII.
1302 856 1334 927 33

216 998 315 1059 eaque
341 974 515 1039 resolvunt:
544 974 619 1039 Met.
635 974 674 1039 II.
692 982 768 1039 655:
798 974 832 1040 F.
848 974 903 1038 VI.
926 980 986 1038 757
1018 974 1058 1039 Η.
1074 972 1143 1039 XII.
1162 982 1189 1040 3.
1217 973 1335 1064 Pareae

215 1100 415 1183 appellantur
437 1100 593 1165 demisse:
617 1098 652 1163 Τ.
673 1097 707 1164 V.
721 1099 772 1164 ΕΙ,
788 1097 845 1163 III.
863 1105 918 1177 173
940 1098 1080 1163 nubilae:
1105 1098 1140 1163 Τ.
1151 1097 1191 1164 V.
1214 1098 1264 1163 ΕΙ.
1279 1097 1335 1163 III.

217 1230 271 1303 143
294 1224 408 1289 fatales
432 1224 520 1289 deae:
543 1223 610 1288 P.I
635 1224 693 1307 Ep.
710 1222 794 1288 VIII.
813 1232 864 1289 64.

302 1348 378 1413 Non
401 1349 620 1432 praetereundi
643 1354 717 1413 sunt
740 1348 776 1414 Τ.
791 1346 847 1413 Ill.
865 1349 914 1413 El.
930 1347 1017 1413 VIII.
1037 1354 1090 1413 13:

429 1473 513 1538 Nam
537 1473 598 1538 tibi
620 1496 692 1537 oum
715 1473 790 1538 fatis
813 1494 917 1537 moras
940 1472 1064 1538 Natura
1088 1473 1220 1557 pudicos

429 1603 461 1662 et
483 1619 572 1662 raros
595 1598 685 1663 dotes
707 1598 934 1683 ingeniumque
958 1597 1052 1674 dedit,

215 1744 279 1807 quo
302 1723 373 1787 Ioco
397 1726 511 1787 natura
532 1744 592 1806 pro
615 1722 723 1787 Parcis
747 1722 865 1807 legitur
888 1729 921 1786 et

322 1849 397 1913 Met.
414 1848 454 1913 V.
472 1856 551 1912 532:
574 1899 581 1912 .
606 1900 613 1912 .
636 1898 644 1911 .
669 1900 675 1913 .
698 1870 772 1913 nam
795 1849 840 1912 sio
864 1848 1033 1913 Parcarum
1058 1848 1184 1911 foedere
1208 1852 1336 1911 cautum

575 1972 1336 2057 est3proqu0534:nonitafatasinuntsoribitur.

305 2099 378 2163 Met.
395 2098 465 2163 XV.
483 2105 546 2163 810
576 2099 724 2163 conclave
752 2102 874 2180 tenent,
902 2099 935 2162 iu
963 2120 1027 2182 quo
1055 2097 1218 2163 molimine
1246 2101 1337 2161 vasto

192 2316 196 2323 Ι
216 2246 321 2289 rerum
344 2224 503 2288 tabularia
526 2246 564 2288 ex
580 2245 654 2288 aero
670 2228 700 2288 et
716 2223 818 2288 solido
838 2223 924 2287 ferro
939 2227 1149 2306 reponuntur3
1171 2222 1338 2300 tabularia,

216 2372 297 2433 quae
325 2353 396 2414 tuta
424 2354 519 2433 atque
548 2354 675 2415 aeterna
702 2372 803 2433 neque
831 2371 1019 2414 concursum
1047 2350 1126 2414 oaeli
1148 2372 1251 2433 neque
1273 2349 1336 2413 ful-

214 2474 308 2538 minis
331 2474 410 2538 iram
434 2496 536 2557 neque
558 2474 641 2539 ullas
664 2474 770 2538 ruinas
793 2479 949 2539 metuunt.
973 2480 1047 2538 812.
1078 2473 1193 2538 Fatum
1209 2475 1336 2556 iusupe-

214 2598 316 2663 rabile
348 2603 408 2675 est,
441 2600 525 2683 quod
557 2621 650 2663 nemo
682 2621 809 2663 movere
840 2604 959 2681 potest,
991 2620 1084 2663 nemo
1112 2599 1206 2663 etiam
1234 2598 1337 2663 ferrea

216 2723 341 2789 decreta
363 2728 505 2788 veterum
529 2746 672 2789 sororum
696 2746 842 2807 rumpere
865 2728 971 2807 potest
996 2730 1069 2789 781.

305 2847 458 2912 Fatorum
482 2870 596 2913 aroana
619 2854 736 2915 canunt
760 2850 809 2913 dei
831 2850 971 2933 deaeque
994 2849 1150 2932 multique
1172 2849 1338 2923 mortales;

215 2995 296 3055 quos
320 2978 425 3037 autem
449 2996 513 3037 nou
537 2974 643 3037 omnia
666 2974 754 3052 scire,
777 2976 831 3038 sed
855 2978 979 3039 tantum
1003 2978 1108 3057 partes
1132 2996 1236 3039 rerum
1251 2973 1337 3038 futu·

216 3120 322 3162 rarum
338 3119 433 3180 supra
449 3098 741 3163 demonstravimus.
780 3099 921 3163 Deorum
937 3121 1019 3162 unus
1033 3097 1183 3184 JuppIter
1198 3097 1337 3162 fatorum

218 3221 359 3285 omnium
386 3242 503 3306 gnarus
531 3227 586 3286 est.
632 3220 684 3286 Sic
707 3222 781 3287 Met.
798 3222 869 3287 XV.
888 3229 951 3287 806
962 3245 1030 3305 sqq.
1054 3221 1183 3300 Veneri,
1211 3244 1251 3286 ne
1279 3222 1336 3285 eti-

217 3351 337 3410 amtum
360 3346 473 3433 ignara
488 3347 587 3412 futuri
603 3348 653 3426 sit,
676 3348 743 3411 fata
759 3347 944 3411 armatissimi
960 3346 1101 3413 Caesaris
1124 3347 1228 3412 refert.
1259 3347 1337 3431 Legi

217 3471 293 3553 ipse,
315 3471 428 3555 inquit,
451 3472 621 3556 animoque
643 3473 761 3537 notavi.
799 3472 892 3537 Unus
914 3471 1064 3556 Juppiter
1087 3474 1183 3538 etiam
1206 3468 1337 3537 humani

218 3596 341 3679 generis
364 3597 458 3661 sortis
480 3597 640 3680 praescius
664 3602 712 3661 eat
735 3602 766 3661 et
787 3620 857 3662 oum
874 3618 982 3661 omnes
999 3597 1048 3661 dei
1064 3598 1202 3680 deaeque
1218 3616 1337 3680 angore

217 3726 249 3783 et
271 3723 357 3784 metu
380 3720 516 3785 confecti
539 3742 611 3784 enm
635 3721 843 3801 circumdant,
875 3725 966 3805 pater
990 3722 1120 3785 deorum
1144 3722 1338 3805 trepidantes

216 3846 404 3929 tranquillat
426 3846 547 3910 animos
568 3846 675 3930 eisque
690 3847 847 3930 promittit
863 3869 964 3932 genus
981 3846 1103 3931 origine
1118 3846 1198 3911 mira
1212 3845 1338 3913 Meell.

218 3977 281 4035 250
292 3993 360 4055 sqq.
399 3971 520 4035 Deinde
543 3992 615 4035 cum
637 3972 780 4035 homines
803 3992 907 4055 poena
930 3972 1055 4036 afficere
1078 3971 1184 4050 vellet,
1206 3972 1240 4035 in
1263 3971 1337 4035 fatis

218 4117 285 4160 esse
300 4096 509 4161 reminisoItur
531 4100 656 4180 tempus
681 4096 798 4174 adfore,
822 4117 885 4180 qno
901 4118 997 4175 mare,
1020 4097 1116 4162 tellus
1132 4101 1338 4180 correptaque

217 4221 305 4306 regia
333 4220 412 4285 caeli
444 4222 586 4298 ardeant3
623 4221 687 4285 tela
720 4220 895 4304 Cyclopum
929 4221 1076 4286 manibus
1103 4221 1258 4286 fabricata
1288 4243 1337 4285 re·

217 4346 308 4429 ponit
330 4346 421 4430 eique
444 4366 544 4430 genus
566 4346 702 4410 mortale
725 4346 783 4410 sub
812 4346 904 4409 undis
926 4347 1056 4429 perdere
1078 4346 1184 4430 placet
1206 4346 1281 4409 Met.
1297 4343 1337 4409 II.

218 4479 361 4557 256spp.

306 4602 324 4681 ξ
354 4603 401 4663 31.
431 4594 569 4680 Itaque
605 4619 686 4661 unus
724 4597 865 4661 omnium
897 4598 1027 4662 deorum
1057 4596 1207 4681 «Iuppiter
1237 4597 1336 4661 futuri
1355 4606 1372 4677 5
1391 4608 1426 4661 31

216 4723 417 4806 satorumque
441 4722 582 4785 omnium
605 4722 763 4804 praescius
787 4726 842 4785 est.
882 4719 963 4797 Quid
987 4727 1092 4787 autem
1112 4722 1186 4785 Met
1201 4720 1256 4786 IX.
1272 4729 1335 4787 433

1196 4828 1230 4881 4*
